
<marc:record><marc:leader>00847cam a22001813  4500</marc:leader>
<marc:controlfield tag="001">000011988</marc:controlfield>
<marc:controlfield tag="003">Uk</marc:controlfield><marc:controlfield tag="005">20110119132400.0</marc:controlfield><marc:controlfield tag="008">870814|1895|||||||    ||    |||| |||||  </marc:controlfield><marc:datafield tag="040" ind1=" " ind2=" "><marc:subfield code="a">Uk</marc:subfield><marc:subfield code="c">Uk</marc:subfield></marc:datafield><marc:datafield tag="245" ind1="1" ind2="0"><marc:subfield code="a">Superintendents, Teachers, and Principal Officers of Ackworth School from ... 1779 to 1894 ... With historical notes and short biographies. Compiled ... by Joseph Spence Hodgson. (Supplementary List of the Boys and Girls, Teachers, and Officers ... 1900.).</marc:subfield></marc:datafield><marc:datafield tag="260" ind1=" " ind2=" "><marc:subfield code="a">Leominster :</marc:subfield><marc:subfield code="b">Ackworth Old Scholars' Association,</marc:subfield><marc:subfield code="c">1895, 1901.</marc:subfield></marc:datafield><marc:datafield tag="300" ind1=" " ind2=" "><marc:subfield code="a">2 pt. ;</marc:subfield><marc:subfield code="c">8º.</marc:subfield></marc:datafield><marc:datafield tag="700" ind1="1" ind2=" "><marc:subfield code="a">HODGSON, Joseph Spence.</marc:subfield></marc:datafield><marc:datafield tag="720" ind1=" " ind2=" "><marc:subfield code="a">ACKWORTH SCHOOL</marc:subfield><marc:subfield code="e">main entry</marc:subfield></marc:datafield><marc:datafield tag="852" ind1="4" ind2="1"><marc:subfield code="a">British Library</marc:subfield><marc:subfield code="b">HMNTS</marc:subfield><marc:subfield code="j">08365.i.3.</marc:subfield></marc:datafield><marc:datafield tag="852" ind1="4" ind2="1"><marc:subfield code="a">British Library</marc:subfield><marc:subfield code="b">HMNTS</marc:subfield><marc:subfield code="j">8365.d.42.</marc:subfield><marc:subfield code="3">[Another copy of pt. 1 only.]</marc:subfield></marc:datafield><marc:datafield tag="886" ind1="2" ind2=" "><marc:subfield code="2">blmarc</marc:subfield><marc:subfield code="a">709</marc:subfield><marc:subfield code="b">00</marc:subfield><marc:subfield code="a">HODGSON</marc:subfield><marc:subfield code="h">Joseph Spence</marc:subfield><marc:subfield code="p">8365.d.42.</marc:subfield><marc:subfield code="x">1494000288</marc:subfield></marc:datafield></marc:record>