
<marc:record><marc:leader>00906cam a22001693  4500</marc:leader>
<marc:controlfield tag="001">000011993</marc:controlfield>
<marc:controlfield tag="003">Uk</marc:controlfield><marc:controlfield tag="005">20120528161300.0</marc:controlfield><marc:controlfield tag="008">001219|1831|||||||    ||    |||| |||||  </marc:controlfield><marc:datafield tag="040" ind1=" " ind2=" "><marc:subfield code="a">Uk</marc:subfield><marc:subfield code="c">Uk</marc:subfield></marc:datafield><marc:datafield tag="245" ind1="1" ind2="5"><marc:subfield code="a">[The English vocabulary, or spelling-book, with the meaning annexed to each word, for the use of Ackworth School ... Fifth edition.]</marc:subfield></marc:datafield><marc:datafield tag="250" ind1=" " ind2=" "><marc:subfield code="a">Fourteenth edition, corrected and improved The English vocabulary, or spelling-book, with the meaning annexed to each word. Compiled for the use of Ackworth School, etc.</marc:subfield></marc:datafield><marc:datafield tag="260" ind1=" " ind2=" "><marc:subfield code="a">London :</marc:subfield><marc:subfield code="b">Harvey &amp; Darton,</marc:subfield><marc:subfield code="c">1831.</marc:subfield></marc:datafield><marc:datafield tag="300" ind1=" " ind2=" "><marc:subfield code="a">viii, 172 p. ;</marc:subfield><marc:subfield code="c">12º.</marc:subfield></marc:datafield><marc:datafield tag="720" ind1=" " ind2=" "><marc:subfield code="a">ACKWORTH SCHOOL</marc:subfield><marc:subfield code="e">main entry</marc:subfield></marc:datafield><marc:datafield tag="787" ind1="0" ind2=" "><marc:subfield code="t">The English vocabulary, or spelling-book, with the meaning annexed to each word, for the use of Ackworth School ... Fifth edition.</marc:subfield><marc:subfield code="d">London: Harvey &amp; Darton, 1813. pp. viii, 172. 12º.</marc:subfield><marc:subfield code="w">(Uk)MP1.0000013911</marc:subfield></marc:datafield><marc:datafield tag="852" ind1="4" ind2="1"><marc:subfield code="a">British Library</marc:subfield><marc:subfield code="b">HMNTS</marc:subfield><marc:subfield code="j">1606/1441.</marc:subfield></marc:datafield></marc:record>