
<marc:record><marc:leader>00458cam a22001453  4500</marc:leader>
<marc:controlfield tag="001">000011995</marc:controlfield>
<marc:controlfield tag="003">Uk</marc:controlfield><marc:controlfield tag="005">20130108180500.0</marc:controlfield><marc:controlfield tag="008">870814|1878|||||||    ||    |||| ||eng  </marc:controlfield><marc:datafield tag="040" ind1=" " ind2=" "><marc:subfield code="a">Uk</marc:subfield><marc:subfield code="c">Uk</marc:subfield></marc:datafield><marc:datafield tag="245" ind1="1" ind2="4"><marc:subfield code="a">The English vocabulary or spelling-book ... Compiled for the use of Ackworth School.</marc:subfield></marc:datafield><marc:datafield tag="260" ind1=" " ind2=" "><marc:subfield code="a">London :</marc:subfield><marc:subfield code="b">Daldy, Isbister &amp; Co.,</marc:subfield><marc:subfield code="c">1878.</marc:subfield></marc:datafield><marc:datafield tag="300" ind1=" " ind2=" "><marc:subfield code="a">vii, 170 p. ;</marc:subfield><marc:subfield code="c">15 cm.</marc:subfield></marc:datafield><marc:datafield tag="720" ind1=" " ind2=" "><marc:subfield code="a">ACKWORTH SCHOOL</marc:subfield><marc:subfield code="e">main entry</marc:subfield></marc:datafield><marc:datafield tag="852" ind1="4" ind2="1"><marc:subfield code="a">British Library</marc:subfield><marc:subfield code="b">HMNTS</marc:subfield><marc:subfield code="j">1568/2670.</marc:subfield></marc:datafield></marc:record>