
<marc:record><marc:leader>00970cam a22002173  4500</marc:leader>
<marc:controlfield tag="001">000011997</marc:controlfield>
<marc:controlfield tag="003">Uk</marc:controlfield><marc:controlfield tag="005">20110119132400.0</marc:controlfield><marc:controlfield tag="008">870814|1879|||||||    ||    |||| |||||  </marc:controlfield><marc:datafield tag="040" ind1=" " ind2=" "><marc:subfield code="a">Uk</marc:subfield><marc:subfield code="c">Uk</marc:subfield></marc:datafield><marc:datafield tag="245" ind1="1" ind2="2"><marc:subfield code="a">A Narrative of the Proceedings at the Celebration of the Centenary of Ackworth School ... 1879. Edited by J. H. Barber. Also a sketch of the life of Dr. Fothergill, by J. H. Tuke; and a short sketch of the history of Ackworth School, by J. S. Rowntree, etc.</marc:subfield></marc:datafield><marc:datafield tag="260" ind1=" " ind2=" "><marc:subfield code="a">London :</marc:subfield><marc:subfield code="b">S. Harris &amp; Co.,</marc:subfield><marc:subfield code="c">1879.</marc:subfield></marc:datafield><marc:datafield tag="300" ind1=" " ind2=" "><marc:subfield code="a">212 p. ;</marc:subfield><marc:subfield code="c">8º.</marc:subfield></marc:datafield><marc:datafield tag="700" ind1="1" ind2=" "><marc:subfield code="a">BARBER, James Henry.</marc:subfield></marc:datafield><marc:datafield tag="700" ind1="1" ind2=" "><marc:subfield code="a">ROWNTREE, John Stephenson.</marc:subfield></marc:datafield><marc:datafield tag="700" ind1="1" ind2=" "><marc:subfield code="a">TUKE, James Hack.</marc:subfield></marc:datafield><marc:datafield tag="720" ind1=" " ind2=" "><marc:subfield code="a">ACKWORTH SCHOOL</marc:subfield><marc:subfield code="e">main entry</marc:subfield></marc:datafield><marc:datafield tag="852" ind1="4" ind2="1"><marc:subfield code="a">British Library</marc:subfield><marc:subfield code="b">HMNTS</marc:subfield><marc:subfield code="j">8364.ee.32.</marc:subfield></marc:datafield><marc:datafield tag="886" ind1="2" ind2=" "><marc:subfield code="2">blmarc</marc:subfield><marc:subfield code="a">709</marc:subfield><marc:subfield code="b">00</marc:subfield><marc:subfield code="a">BARBER</marc:subfield><marc:subfield code="h">James Henry</marc:subfield><marc:subfield code="p">8364.ee.32.</marc:subfield><marc:subfield code="x">0183350006</marc:subfield></marc:datafield><marc:datafield tag="886" ind1="2" ind2=" "><marc:subfield code="2">blmarc</marc:subfield><marc:subfield code="a">709</marc:subfield><marc:subfield code="b">00</marc:subfield><marc:subfield code="a">ROWNTREE</marc:subfield><marc:subfield code="h">John Stephenson</marc:subfield><marc:subfield code="p">8364.ee.32.</marc:subfield><marc:subfield code="x">2831760135</marc:subfield></marc:datafield><marc:datafield tag="886" ind1="2" ind2=" "><marc:subfield code="2">blmarc</marc:subfield><marc:subfield code="a">709</marc:subfield><marc:subfield code="b">00</marc:subfield><marc:subfield code="a">TUKE</marc:subfield><marc:subfield code="h">James Hack</marc:subfield><marc:subfield code="p">8364.ee.32.</marc:subfield><marc:subfield code="x">3303820074</marc:subfield></marc:datafield></marc:record>