
<marc:record><marc:leader>00679cam a22001573  4500</marc:leader>
<marc:controlfield tag="001">000012012</marc:controlfield>
<marc:controlfield tag="003">Uk</marc:controlfield><marc:controlfield tag="005">20110119132400.0</marc:controlfield><marc:controlfield tag="008">870814|1900|||||||    ||     ||| ||eng  </marc:controlfield><marc:datafield tag="040" ind1=" " ind2=" "><marc:subfield code="a">Uk</marc:subfield><marc:subfield code="c">Uk</marc:subfield></marc:datafield><marc:datafield tag="100" ind1="1" ind2=" "><marc:subfield code="a">ACKWORTH, John,</marc:subfield><marc:subfield code="c">pseud. [i.e. Frederick R. Smith.]</marc:subfield></marc:datafield><marc:datafield tag="245" ind1="1" ind2="4"><marc:subfield code="a">The Minder. The story of the courtship, call and conflicts of John Ledger, Minder and Minister.</marc:subfield></marc:datafield><marc:datafield tag="260" ind1=" " ind2=" "><marc:subfield code="a">London :</marc:subfield><marc:subfield code="b">H. Marshall &amp; Son,</marc:subfield><marc:subfield code="c">1900.</marc:subfield></marc:datafield><marc:datafield tag="300" ind1=" " ind2=" "><marc:subfield code="a">viii. 343 p. ;</marc:subfield><marc:subfield code="c">8º.</marc:subfield></marc:datafield><marc:datafield tag="775" ind1="0" ind2=" "><marc:subfield code="t">[The Minder. The story of the courtship, call and conflicts of John Ledger, Minder and Minister.]</marc:subfield><marc:subfield code="d">pp. viii. 343. H. Marshall &amp; Son: London, 1902. 8º.</marc:subfield><marc:subfield code="w">(Uk)MP1.0000013928.1</marc:subfield></marc:datafield><marc:datafield tag="852" ind1="4" ind2="1"><marc:subfield code="a">British Library</marc:subfield><marc:subfield code="b">HMNTS</marc:subfield><marc:subfield code="j">012641.c.47.</marc:subfield></marc:datafield></marc:record>