
<marc:record><marc:leader>01027cam a22001693  4500</marc:leader>
<marc:controlfield tag="001">000012037</marc:controlfield>
<marc:controlfield tag="003">Uk</marc:controlfield><marc:controlfield tag="005">20130503191800.0</marc:controlfield><marc:controlfield tag="008">870814|1884||||enk    ||     ||| |||||  </marc:controlfield><marc:datafield tag="040" ind1=" " ind2=" "><marc:subfield code="a">Uk</marc:subfield><marc:subfield code="c">Uk</marc:subfield></marc:datafield><marc:datafield tag="100" ind1="1" ind2=" "><marc:subfield code="a">ACLAND, Arthur Herbert Dyke,</marc:subfield><marc:subfield code="c">Right Hon. Sir,</marc:subfield><marc:subfield code="c">Bart., and JONES (Benjamin) Secretary of the Co-operative Board.</marc:subfield></marc:datafield><marc:datafield tag="245" ind1="1" ind2="0"><marc:subfield code="a">Working Men Co-operators ... An account of the Artisans Cooperative Movement in Great Britain, with information how to promote it.</marc:subfield></marc:datafield><marc:datafield tag="260" ind1=" " ind2=" "><marc:subfield code="a">London :</marc:subfield><marc:subfield code="b">Cassell &amp; Co.,</marc:subfield><marc:subfield code="c">1884.</marc:subfield></marc:datafield><marc:datafield tag="300" ind1=" " ind2=" "><marc:subfield code="a">136 p. ;</marc:subfield><marc:subfield code="c">8º.</marc:subfield></marc:datafield><marc:datafield tag="775" ind1="0" ind2=" "><marc:subfield code="t">[Working Men Co-operators ... An account of the Artisans Cooperative Movement in Great Britain, with information how to promote it.]</marc:subfield><marc:subfield code="d">pp. 179. Co-operative Union: Manchester, 1914. 8º.</marc:subfield><marc:subfield code="w">(Uk)MP1.0000013955.1</marc:subfield></marc:datafield><marc:datafield tag="775" ind1="0" ind2=" "><marc:subfield code="t">[Working Men Co-operators ... An account of the Artisans Cooperative Movement in Great Britain, with information how to promote it.]</marc:subfield><marc:subfield code="d">pp. vi. 212. Co-operative Union: Manchester, 1922. 8º.</marc:subfield><marc:subfield code="w">(Uk)MP1.0000013955.2</marc:subfield></marc:datafield><marc:datafield tag="852" ind1="4" ind2="1"><marc:subfield code="a">British Library</marc:subfield><marc:subfield code="b">HMNTS</marc:subfield><marc:subfield code="j">8277.aaa.47.</marc:subfield></marc:datafield></marc:record>