
<marc:record><marc:leader>00993cam a22001933  4500</marc:leader>
<marc:controlfield tag="001">000012043</marc:controlfield>
<marc:controlfield tag="003">Uk</marc:controlfield><marc:controlfield tag="005">20130520180000.0</marc:controlfield><marc:controlfield tag="008">870814|1882||||enk    ||     ||| |||||  </marc:controlfield><marc:datafield tag="040" ind1=" " ind2=" "><marc:subfield code="a">Uk</marc:subfield><marc:subfield code="c">Uk</marc:subfield></marc:datafield><marc:datafield tag="100" ind1="1" ind2=" "><marc:subfield code="a">ACLAND, Arthur Herbert Dyke,</marc:subfield><marc:subfield code="c">Right Hon. Sir,</marc:subfield><marc:subfield code="c">Bart., and RANSOME (Cyril)</marc:subfield></marc:datafield><marc:datafield tag="245" ind1="1" ind2="3"><marc:subfield code="a">[A Handbook in Outline of the Political History of England ... chronologically arranged.]</marc:subfield></marc:datafield><marc:datafield tag="250" ind1=" " ind2=" "><marc:subfield code="a">Second edition, revised.</marc:subfield></marc:datafield><marc:datafield tag="260" ind1=" " ind2=" "><marc:subfield code="a">London :</marc:subfield><marc:subfield code="b">Rivingtons,</marc:subfield><marc:subfield code="c">1882.</marc:subfield></marc:datafield><marc:datafield tag="300" ind1=" " ind2=" "><marc:subfield code="a">xvi, 287 p. ;</marc:subfield><marc:subfield code="c">8º.</marc:subfield></marc:datafield><marc:datafield tag="700" ind1="1" ind2=" "><marc:subfield code="a">RANSOME, Cyril.</marc:subfield></marc:datafield><marc:datafield tag="787" ind1="0" ind2=" "><marc:subfield code="t">A Handbook in Outline of the Political History of England ... chronologically arranged.</marc:subfield><marc:subfield code="d">pp. xii. 287. Rivingtons: London, 1882 [1881]. 8º.</marc:subfield><marc:subfield code="w">(Uk)MP1.0000013958</marc:subfield></marc:datafield><marc:datafield tag="852" ind1="4" ind2="1"><marc:subfield code="a">British Library</marc:subfield><marc:subfield code="b">HMNTS</marc:subfield><marc:subfield code="j">9503.cc.14.</marc:subfield></marc:datafield><marc:datafield tag="886" ind1="2" ind2=" "><marc:subfield code="2">blmarc</marc:subfield><marc:subfield code="a">709</marc:subfield><marc:subfield code="b">00</marc:subfield><marc:subfield code="a">RANSOME</marc:subfield><marc:subfield code="h">Cyril</marc:subfield><marc:subfield code="p">09504.de.22.</marc:subfield><marc:subfield code="x">2703100272</marc:subfield><marc:subfield code="p">2394.b.3.</marc:subfield><marc:subfield code="x">2703100280</marc:subfield><marc:subfield code="p">9502.cc.7.</marc:subfield><marc:subfield code="x">2703100264</marc:subfield><marc:subfield code="p">9503.bb.48.</marc:subfield><marc:subfield code="x">2703100248</marc:subfield><marc:subfield code="p">9503.cc.14.</marc:subfield><marc:subfield code="x">270310023X</marc:subfield><marc:subfield code="p">9503.ccc.15.</marc:subfield><marc:subfield code="x">270310023X</marc:subfield><marc:subfield code="p">9504.d.31.</marc:subfield><marc:subfield code="x">2703100256</marc:subfield><marc:subfield code="p">9505.bbb.4.</marc:subfield><marc:subfield code="x">270310023X</marc:subfield></marc:datafield></marc:record>