
<marc:record><marc:leader>00764cam a22001813  4500</marc:leader>
<marc:controlfield tag="001">000012052</marc:controlfield>
<marc:controlfield tag="003">Uk</marc:controlfield><marc:controlfield tag="005">20130520180000.0</marc:controlfield><marc:controlfield tag="008">870814|1887||||enk    ||     ||| |||||  </marc:controlfield><marc:datafield tag="040" ind1=" " ind2=" "><marc:subfield code="a">Uk</marc:subfield><marc:subfield code="c">Uk</marc:subfield></marc:datafield><marc:datafield tag="100" ind1="1" ind2=" "><marc:subfield code="a">ACLAND, Arthur Herbert Dyke,</marc:subfield><marc:subfield code="c">Right Hon. Sir,</marc:subfield><marc:subfield code="c">Bart., and RANSOME (Cyril)</marc:subfield></marc:datafield><marc:datafield tag="245" ind1="1" ind2="2"><marc:subfield code="a">A Skeleton Outline of the History of England, for beginners ... With maps.</marc:subfield></marc:datafield><marc:datafield tag="260" ind1=" " ind2=" "><marc:subfield code="a">London :</marc:subfield><marc:subfield code="b">Rivingtons,</marc:subfield><marc:subfield code="c">1887.</marc:subfield></marc:datafield><marc:datafield tag="300" ind1=" " ind2=" "><marc:subfield code="a">56 p. ;</marc:subfield><marc:subfield code="c">8º.</marc:subfield></marc:datafield><marc:datafield tag="700" ind1="1" ind2=" "><marc:subfield code="a">RANSOME, Cyril.</marc:subfield></marc:datafield><marc:datafield tag="775" ind1="0" ind2=" "><marc:subfield code="t">[A Skeleton Outline of the History of England, for beginners ... With maps.]</marc:subfield><marc:subfield code="d">pp. x. 118. Rivingtons: London, 1890. 8º.</marc:subfield><marc:subfield code="w">(Uk)MP1.0000013961.1</marc:subfield></marc:datafield><marc:datafield tag="852" ind1="4" ind2="1"><marc:subfield code="a">British Library</marc:subfield><marc:subfield code="b">HMNTS</marc:subfield><marc:subfield code="j">9503.bb.33.</marc:subfield></marc:datafield><marc:datafield tag="886" ind1="2" ind2=" "><marc:subfield code="2">blmarc</marc:subfield><marc:subfield code="a">709</marc:subfield><marc:subfield code="b">00</marc:subfield><marc:subfield code="a">RANSOME</marc:subfield><marc:subfield code="h">Cyril</marc:subfield><marc:subfield code="p">9503.b.24.</marc:subfield><marc:subfield code="x">2703100302</marc:subfield><marc:subfield code="p">9503.bb.33.</marc:subfield><marc:subfield code="x">2703100302</marc:subfield></marc:datafield></marc:record>