
<marc:record><marc:leader>00846cam a22001933  4500</marc:leader>
<marc:controlfield tag="001">000012054</marc:controlfield>
<marc:controlfield tag="003">Uk</marc:controlfield><marc:controlfield tag="005">20110119132400.0</marc:controlfield><marc:controlfield tag="008">870814|1892|||||||    ||     ||| |||||  </marc:controlfield><marc:datafield tag="040" ind1=" " ind2=" "><marc:subfield code="a">Uk</marc:subfield><marc:subfield code="c">Uk</marc:subfield></marc:datafield><marc:datafield tag="100" ind1="1" ind2=" "><marc:subfield code="a">ACLAND, Arthur Herbert Dyke,</marc:subfield><marc:subfield code="c">Right Hon. Sir,</marc:subfield><marc:subfield code="c">Bart., and SMITH (Sir Hubert Llewellyn) G.C.B.</marc:subfield></marc:datafield><marc:datafield tag="245" ind1="1" ind2="0"><marc:subfield code="a">Studies in Secondary Education. Edited by A. H. D. Acland ... and H. L. Smith ... With an introduction by J. Bryce.</marc:subfield></marc:datafield><marc:datafield tag="260" ind1=" " ind2=" "><marc:subfield code="a">London :</marc:subfield><marc:subfield code="b">Percival &amp; Co.,</marc:subfield><marc:subfield code="c">1892.</marc:subfield></marc:datafield><marc:datafield tag="300" ind1=" " ind2=" "><marc:subfield code="a">xxviii, 334 p. ;</marc:subfield><marc:subfield code="c">8º.</marc:subfield></marc:datafield><marc:datafield tag="700" ind1="1" ind2=" "><marc:subfield code="a">Bryce, James Bryce,</marc:subfield><marc:subfield code="c">Viscount,</marc:subfield><marc:subfield code="d">1838-1922.</marc:subfield></marc:datafield><marc:datafield tag="700" ind1="1" ind2=" "><marc:subfield code="a">SMITH, Hubert Llewellyn,</marc:subfield><marc:subfield code="c">Sir,</marc:subfield><marc:subfield code="c">G.C.B.</marc:subfield></marc:datafield><marc:datafield tag="852" ind1="4" ind2="1"><marc:subfield code="a">British Library</marc:subfield><marc:subfield code="b">HMNTS</marc:subfield><marc:subfield code="j">8364.de.31.</marc:subfield></marc:datafield><marc:datafield tag="886" ind1="2" ind2=" "><marc:subfield code="2">blmarc</marc:subfield><marc:subfield code="a">709</marc:subfield><marc:subfield code="b">00</marc:subfield><marc:subfield code="a">BRYCE</marc:subfield><marc:subfield code="h">James</marc:subfield><marc:subfield code="f">Viscount Bryce</marc:subfield><marc:subfield code="p">8364.de.31.</marc:subfield><marc:subfield code="x">0455020051</marc:subfield></marc:datafield><marc:datafield tag="886" ind1="2" ind2=" "><marc:subfield code="2">blmarc</marc:subfield><marc:subfield code="a">709</marc:subfield><marc:subfield code="b">00</marc:subfield><marc:subfield code="a">SMITH</marc:subfield><marc:subfield code="e">Sir</marc:subfield><marc:subfield code="h">Hubert Llewellyn</marc:subfield><marc:subfield code="f">G.C.B.</marc:subfield><marc:subfield code="p">8364.de.31.</marc:subfield><marc:subfield code="x">3053860287</marc:subfield></marc:datafield></marc:record>