
<marc:record><marc:leader>00778cam a22001573  4500</marc:leader>
<marc:controlfield tag="001">000012078</marc:controlfield>
<marc:controlfield tag="003">Uk</marc:controlfield><marc:controlfield tag="005">20110119132400.0</marc:controlfield><marc:controlfield tag="008">870814|1869|||||||    ||     ||| |||||  </marc:controlfield><marc:datafield tag="040" ind1=" " ind2=" "><marc:subfield code="a">Uk</marc:subfield><marc:subfield code="c">Uk</marc:subfield></marc:datafield><marc:datafield tag="100" ind1="1" ind2=" "><marc:subfield code="a">Acland, Henry W.</marc:subfield><marc:subfield code="q">(Henry Wentworth),</marc:subfield><marc:subfield code="d">1815-1900.</marc:subfield></marc:datafield><marc:datafield tag="245" ind1="1" ind2="0"><marc:subfield code="a">[Address to the British Medical Association [on “The Medicine of Modern Times”] ... August 4, 1868.]</marc:subfield></marc:datafield><marc:datafield tag="250" ind1=" " ind2=" "><marc:subfield code="a">[Another edition.] General Relations of Medicine in Modern Times, etc.</marc:subfield></marc:datafield><marc:datafield tag="580" ind1=" " ind2=" "><marc:subfield code="a">In : England.-British Medical Association. Medicine in Modern Times, etc. 1869. 8º.</marc:subfield></marc:datafield><marc:datafield tag="787" ind1="0" ind2=" "><marc:subfield code="t">Address to the British Medical Association [on “The Medicine of Modern Times”] ... August 4, 1868.</marc:subfield><marc:subfield code="d">pp. 50. Clarendon Press: Oxford, 1868. 8º.</marc:subfield><marc:subfield code="w">(Uk)MP1.0000013987</marc:subfield></marc:datafield><marc:datafield tag="852" ind1="4" ind2="1"><marc:subfield code="a">British Library</marc:subfield><marc:subfield code="b">HMNTS</marc:subfield><marc:subfield code="j">7321.cc.10.</marc:subfield></marc:datafield></marc:record>