
<marc:record><marc:leader>00888cam a22001933  4500</marc:leader>
<marc:controlfield tag="001">000012079</marc:controlfield>
<marc:controlfield tag="003">Uk</marc:controlfield><marc:controlfield tag="005">20080109125841.0</marc:controlfield><marc:controlfield tag="008">870814s1868    enk           000 0 eng  </marc:controlfield><marc:datafield tag="040" ind1=" " ind2=" "><marc:subfield code="a">Uk</marc:subfield><marc:subfield code="c">Uk</marc:subfield></marc:datafield><marc:datafield tag="100" ind1="1" ind2=" "><marc:subfield code="a">Acland, Henry W.</marc:subfield><marc:subfield code="q">(Henry Wentworth),</marc:subfield><marc:subfield code="d">1815-1900.</marc:subfield></marc:datafield><marc:datafield tag="245" ind1="1" ind2="0"><marc:subfield code="a">Address to the Students of St. George's Hospital on the opening of the new school Oct. 1, 1868.</marc:subfield><marc:subfield code="c">by Henry W. Acland ...</marc:subfield></marc:datafield><marc:datafield tag="260" ind1=" " ind2=" "><marc:subfield code="a">London:</marc:subfield><marc:subfield code="b">Macmillan and Co.,</marc:subfield><marc:subfield code="c">1868</marc:subfield><marc:subfield code="e">(Oxford:</marc:subfield><marc:subfield code="f">by T. Combe, E. B. Gardner, E. P. Hall, and H. Latham, printers to the University)</marc:subfield></marc:datafield><marc:datafield tag="300" ind1=" " ind2=" "><marc:subfield code="a">42 p.;</marc:subfield><marc:subfield code="c">19 cm. (8º)</marc:subfield></marc:datafield><marc:datafield tag="500" ind1=" " ind2=" "><marc:subfield code="a">Published by request.</marc:subfield></marc:datafield><marc:datafield tag="500" ind1=" " ind2=" "><marc:subfield code="a">Printer's details from verso of titlepage.</marc:subfield></marc:datafield><marc:datafield tag="561" ind1=" " ind2=" "><marc:subfield code="a">The copy at shelfmark 1568/6663 has the Author's MS. presentation inscription: J. H. West, Ch. Ch., from the writer.</marc:subfield></marc:datafield><marc:datafield tag="852" ind1="4" ind2="1"><marc:subfield code="a">British Library</marc:subfield><marc:subfield code="b">HMNTS</marc:subfield><marc:subfield code="j">D-7680.a.67.(4.)</marc:subfield></marc:datafield><marc:datafield tag="852" ind1="4" ind2="1"><marc:subfield code="a">British Library</marc:subfield><marc:subfield code="b">HMNTS</marc:subfield><marc:subfield code="j">1568/6663.</marc:subfield></marc:datafield></marc:record>