
<marc:record><marc:leader>00528cam a22001453  4500</marc:leader>
<marc:controlfield tag="001">000012083</marc:controlfield>
<marc:controlfield tag="003">Uk</marc:controlfield><marc:controlfield tag="005">20121127183100.0</marc:controlfield><marc:controlfield tag="008">870814|1872|||||||    ||     ||| ||eng  </marc:controlfield><marc:datafield tag="040" ind1=" " ind2=" "><marc:subfield code="a">Uk</marc:subfield><marc:subfield code="c">Uk</marc:subfield></marc:datafield><marc:datafield tag="100" ind1="1" ind2=" "><marc:subfield code="a">Acland, Henry W.</marc:subfield><marc:subfield code="q">(Henry Wentworth),</marc:subfield><marc:subfield code="d">1815-1900.</marc:subfield></marc:datafield><marc:datafield tag="245" ind1="1" ind2="4"><marc:subfield code="a">The Cottage Register: or, Forms for registering the sanitary condition of villages: for the use of landowners. officers of health ... Fourth issue.</marc:subfield></marc:datafield><marc:datafield tag="260" ind1=" " ind2=" "><marc:subfield code="a">Oxford ;</marc:subfield><marc:subfield code="a">London :</marc:subfield><marc:subfield code="b">J. Parker &amp; Co.,</marc:subfield><marc:subfield code="c">1872.</marc:subfield></marc:datafield><marc:datafield tag="300" ind1=" " ind2=" "><marc:subfield code="c">8º.</marc:subfield></marc:datafield><marc:datafield tag="852" ind1="4" ind2="1"><marc:subfield code="a">British Library</marc:subfield><marc:subfield code="b">HMNTS</marc:subfield><marc:subfield code="j">7392.b.9.</marc:subfield></marc:datafield></marc:record>