
<marc:record><marc:leader>00870cam a22001813  4500</marc:leader>
<marc:controlfield tag="001">000012095</marc:controlfield>
<marc:controlfield tag="003">Uk</marc:controlfield><marc:controlfield tag="005">20100315162618.0</marc:controlfield><marc:controlfield tag="008">940125|1898|||||||    ||     ||| |||||  </marc:controlfield><marc:datafield tag="040" ind1=" " ind2=" "><marc:subfield code="a">Uk</marc:subfield><marc:subfield code="c">Uk</marc:subfield></marc:datafield><marc:datafield tag="100" ind1="1" ind2=" "><marc:subfield code="a">Acland, Henry W.</marc:subfield><marc:subfield code="q">(Henry Wentworth),</marc:subfield><marc:subfield code="d">1815-1900.</marc:subfield></marc:datafield><marc:datafield tag="245" ind1="1" ind2="0"><marc:subfield code="a">Medical Missions in their relation to Oxford. An address to the Oxford University Junior Scientific Club, etc.</marc:subfield></marc:datafield><marc:datafield tag="260" ind1=" " ind2=" "><marc:subfield code="a">Oxford :</marc:subfield><marc:subfield code="b">Horace Hart ;</marc:subfield><marc:subfield code="a">London :</marc:subfield><marc:subfield code="b">Henry Frowde,</marc:subfield><marc:subfield code="c">1898.</marc:subfield></marc:datafield><marc:datafield tag="300" ind1=" " ind2=" "><marc:subfield code="a">92 p. ;</marc:subfield><marc:subfield code="c">8º.</marc:subfield></marc:datafield><marc:datafield tag="700" ind1="1" ind2=" "><marc:subfield code="a">Tata, Jamsetji Nasarwanji,</marc:subfield><marc:subfield code="d">1839-1904.</marc:subfield></marc:datafield><marc:datafield tag="775" ind1="0" ind2=" "><marc:subfield code="t">[Medical Missions in their relation to Oxford. An address to the Oxford University Junior Scientific Club, etc.]</marc:subfield><marc:subfield code="w">(Uk)MP1.0000014004.1</marc:subfield><marc:subfield code="d">pp. 118. [Clarendon Press:] Oxford, 1899. 8º.</marc:subfield></marc:datafield><marc:datafield tag="852" ind1="4" ind2="1"><marc:subfield code="a">British Library</marc:subfield><marc:subfield code="b">HMNTS</marc:subfield><marc:subfield code="j">4767.ccc.31.(5.)</marc:subfield></marc:datafield><marc:datafield tag="886" ind1="2" ind2=" "><marc:subfield code="2">blmarc</marc:subfield><marc:subfield code="a">709</marc:subfield><marc:subfield code="b">00</marc:subfield><marc:subfield code="a">JAMSHEDJĪ NASARVĀNJĪ TĀTĀ</marc:subfield><marc:subfield code="p">Mic.A.6549(2.)</marc:subfield><marc:subfield code="x">163272006X</marc:subfield></marc:datafield></marc:record>