
<marc:record><marc:leader>01216cam a22002173  4500</marc:leader>
<marc:controlfield tag="001">000012102</marc:controlfield>
<marc:controlfield tag="003">Uk</marc:controlfield><marc:controlfield tag="005">20130520180000.0</marc:controlfield><marc:controlfield tag="008">870814|1859||||enk    ||     ||| ||eng  </marc:controlfield><marc:datafield tag="040" ind1=" " ind2=" "><marc:subfield code="a">Uk</marc:subfield><marc:subfield code="c">Uk</marc:subfield></marc:datafield><marc:datafield tag="100" ind1="1" ind2=" "><marc:subfield code="a">Acland, Henry W.</marc:subfield><marc:subfield code="q">(Henry Wentworth),</marc:subfield><marc:subfield code="d">1815-1900.</marc:subfield></marc:datafield><marc:datafield tag="245" ind1="1" ind2="4"><marc:subfield code="a">The Oxford Museum. By H. W. Acland and [with letters from] John Ruskin.[With a plan.]</marc:subfield></marc:datafield><marc:datafield tag="260" ind1=" " ind2=" "><marc:subfield code="a">London :</marc:subfield><marc:subfield code="b">Smith, Elder &amp; Co.,</marc:subfield><marc:subfield code="c">1859.</marc:subfield></marc:datafield><marc:datafield tag="300" ind1=" " ind2=" "><marc:subfield code="a">111 p. ;</marc:subfield><marc:subfield code="c">8º.</marc:subfield></marc:datafield><marc:datafield tag="700" ind1="1" ind2=" "><marc:subfield code="a">PHILLIPS, John,</marc:subfield><marc:subfield code="c">F.R.S.</marc:subfield></marc:datafield><marc:datafield tag="700" ind1="1" ind2=" "><marc:subfield code="a">Ruskin, John,</marc:subfield><marc:subfield code="d">1819-1900</marc:subfield><marc:subfield code="t">Works edited or with prefaces, etc. by John Ruskin.</marc:subfield></marc:datafield><marc:datafield tag="775" ind1="0" ind2=" "><marc:subfield code="t">[The Oxford Museum. By H. W. Acland and [with letters from] John Ruskin.[With a plan.]]</marc:subfield><marc:subfield code="d">pp. xvi. 78. J. H. &amp; J. Parker: Oxford, 1860. 8º.</marc:subfield><marc:subfield code="w">(Uk)MP1.0000014010.1</marc:subfield></marc:datafield><marc:datafield tag="775" ind1="0" ind2=" "><marc:subfield code="t">[The Oxford Museum. By H. W. Acland and [with letters from] John Ruskin.[With a plan.]]</marc:subfield><marc:subfield code="d">pp. xxxvi. 112. George Allen: London &amp; Orpington, 1893. 4º.</marc:subfield><marc:subfield code="w">(Uk)MP1.0000014010.2</marc:subfield></marc:datafield><marc:datafield tag="852" ind1="4" ind2="1"><marc:subfield code="a">British Library</marc:subfield><marc:subfield code="b">HMNTS</marc:subfield><marc:subfield code="j">7805.a.4.</marc:subfield></marc:datafield><marc:datafield tag="886" ind1="2" ind2=" "><marc:subfield code="2">blmarc</marc:subfield><marc:subfield code="a">709</marc:subfield><marc:subfield code="b">00</marc:subfield><marc:subfield code="a">PHILLIPS</marc:subfield><marc:subfield code="h">John</marc:subfield><marc:subfield code="f">F.R.S.</marc:subfield><marc:subfield code="p">7814.a.6.</marc:subfield><marc:subfield code="x">2574210263</marc:subfield></marc:datafield><marc:datafield tag="886" ind1="2" ind2=" "><marc:subfield code="2">blmarc</marc:subfield><marc:subfield code="a">709</marc:subfield><marc:subfield code="b">00</marc:subfield><marc:subfield code="a">RUSKIN</marc:subfield><marc:subfield code="h">John</marc:subfield><marc:subfield code="t">Works edited or with prefaces, etc. by John Ruskin</marc:subfield><marc:subfield code="p">7805.a.4.</marc:subfield><marc:subfield code="x">2843190215</marc:subfield><marc:subfield code="p">7808.f.12.</marc:subfield><marc:subfield code="x">2843190215</marc:subfield><marc:subfield code="p">7814.a.6.</marc:subfield><marc:subfield code="x">2843190215</marc:subfield></marc:datafield></marc:record>