
<marc:record><marc:leader>01011cam a22001933  4500</marc:leader>
<marc:controlfield tag="001">000012104</marc:controlfield>
<marc:controlfield tag="003">Uk</marc:controlfield><marc:controlfield tag="005">20120405161500.0</marc:controlfield><marc:controlfield tag="008">870814|1893|||||||    ||     ||| |||||  </marc:controlfield><marc:datafield tag="040" ind1=" " ind2=" "><marc:subfield code="a">Uk</marc:subfield><marc:subfield code="c">Uk</marc:subfield></marc:datafield><marc:datafield tag="100" ind1="1" ind2=" "><marc:subfield code="a">Acland, Henry W.</marc:subfield><marc:subfield code="q">(Henry Wentworth),</marc:subfield><marc:subfield code="d">1815-1900.</marc:subfield></marc:datafield><marc:datafield tag="245" ind1="1" ind2="5"><marc:subfield code="a">[The Oxford Museum. By H. W. Acland and [with letters from] John Ruskin.[With a plan.]]</marc:subfield></marc:datafield><marc:datafield tag="250" ind1=" " ind2=" "><marc:subfield code="a">[Another edition.] With additions, etc. [With plates, including portraits.]</marc:subfield></marc:datafield><marc:datafield tag="260" ind1=" " ind2=" "><marc:subfield code="a">London ;</marc:subfield><marc:subfield code="a">Orpington :</marc:subfield><marc:subfield code="b">George Allen,</marc:subfield><marc:subfield code="c">1893.</marc:subfield></marc:datafield><marc:datafield tag="300" ind1=" " ind2=" "><marc:subfield code="a">xxxvi, 112 p. ;</marc:subfield><marc:subfield code="c">4º.</marc:subfield></marc:datafield><marc:datafield tag="700" ind1="1" ind2=" "><marc:subfield code="a">Ruskin, John,</marc:subfield><marc:subfield code="d">1819-1900</marc:subfield><marc:subfield code="t">Works edited or with prefaces, etc. by John Ruskin.</marc:subfield></marc:datafield><marc:datafield tag="787" ind1="0" ind2=" "><marc:subfield code="t">The Oxford Museum. By H. W. Acland and [with letters from] John Ruskin.[With a plan.]</marc:subfield><marc:subfield code="d">pp. 111. Smith, Elder &amp; Co.: London, 1859. 8º.</marc:subfield><marc:subfield code="w">(Uk)MP1.0000014010</marc:subfield></marc:datafield><marc:datafield tag="852" ind1="4" ind2="1"><marc:subfield code="a">British Library</marc:subfield><marc:subfield code="b">HMNTS</marc:subfield><marc:subfield code="j">7808.f.12.</marc:subfield></marc:datafield><marc:datafield tag="886" ind1="2" ind2=" "><marc:subfield code="2">blmarc</marc:subfield><marc:subfield code="a">709</marc:subfield><marc:subfield code="b">00</marc:subfield><marc:subfield code="a">RUSKIN</marc:subfield><marc:subfield code="h">John</marc:subfield><marc:subfield code="t">Works edited or with prefaces, etc. by John Ruskin</marc:subfield><marc:subfield code="p">7805.a.4.</marc:subfield><marc:subfield code="x">2843190215</marc:subfield><marc:subfield code="p">7808.f.12.</marc:subfield><marc:subfield code="x">2843190215</marc:subfield><marc:subfield code="p">7814.a.6.</marc:subfield><marc:subfield code="x">2843190215</marc:subfield></marc:datafield></marc:record>