
<marc:record><marc:leader>00770cam a22001693  4500</marc:leader>
<marc:controlfield tag="001">000012118</marc:controlfield>
<marc:controlfield tag="003">Uk</marc:controlfield><marc:controlfield tag="005">20130522192300.0</marc:controlfield><marc:controlfield tag="008">870814|1855||||enk    ||     ||| |||||  </marc:controlfield><marc:datafield tag="040" ind1=" " ind2=" "><marc:subfield code="a">Uk</marc:subfield><marc:subfield code="c">Uk</marc:subfield></marc:datafield><marc:datafield tag="100" ind1="1" ind2=" "><marc:subfield code="a">ACLAND, James.</marc:subfield></marc:datafield><marc:datafield tag="245" ind1="1" ind2="0"><marc:subfield code="a">Administrative Reform. Parliamentary incongruities and electoral anomalies as ... shown by an analysis of the division upon Mr. Vincent Scully's motion for open and competitive examination.</marc:subfield></marc:datafield><marc:datafield tag="260" ind1=" " ind2=" "><marc:subfield code="a">London :</marc:subfield><marc:subfield code="b">Effingham Wilson,</marc:subfield><marc:subfield code="c">[1855]</marc:subfield></marc:datafield><marc:datafield tag="300" ind1=" " ind2=" "><marc:subfield code="a">36 p. ;</marc:subfield><marc:subfield code="c">8º.</marc:subfield></marc:datafield><marc:datafield tag="787" ind1="0" ind2=" "><marc:subfield code="t">[Administrative Reform.] Parliamentary Incongruities, etc.</marc:subfield><marc:subfield code="d">London, 1855. 8º.</marc:subfield><marc:subfield code="w">(Uk)MP1.0000014023.1</marc:subfield></marc:datafield><marc:datafield tag="787" ind1="0" ind2=" "><marc:subfield code="t">Parliamentary Incongruities and Electoral Anomalies, etc.</marc:subfield><marc:subfield code="d">London, 1855. 8º.</marc:subfield><marc:subfield code="w">(Uk)MP1.0000014023.2</marc:subfield></marc:datafield><marc:datafield tag="852" ind1="4" ind2="1"><marc:subfield code="a">British Library</marc:subfield><marc:subfield code="b">HMNTS</marc:subfield><marc:subfield code="j">8138.c.1.</marc:subfield></marc:datafield></marc:record>