
<marc:record><marc:leader>00632cam a22001693  4500</marc:leader>
<marc:controlfield tag="001">000012123</marc:controlfield>
<marc:controlfield tag="003">Uk</marc:controlfield><marc:controlfield tag="005">20110119132400.0</marc:controlfield><marc:controlfield tag="008">870814|1817|||||||    ||     ||| |||||  </marc:controlfield><marc:datafield tag="040" ind1=" " ind2=" "><marc:subfield code="a">Uk</marc:subfield><marc:subfield code="c">Uk</marc:subfield></marc:datafield><marc:datafield tag="100" ind1="1" ind2=" "><marc:subfield code="a">ACLAND, James.</marc:subfield></marc:datafield><marc:datafield tag="245" ind1="1" ind2="2"><marc:subfield code="a">A Monody on the lamented Death of the Princess Charlotte Augusta of Wales, etc.</marc:subfield></marc:datafield><marc:datafield tag="260" ind1=" " ind2=" "><marc:subfield code="a">London :</marc:subfield><marc:subfield code="b">For the Author,</marc:subfield><marc:subfield code="c">1817.</marc:subfield></marc:datafield><marc:datafield tag="300" ind1=" " ind2=" "><marc:subfield code="a">14 p. ;</marc:subfield><marc:subfield code="c">8º.</marc:subfield></marc:datafield><marc:datafield tag="720" ind1=" " ind2=" "><marc:subfield code="a">CHARLOTTE AUGUSTA, Consort of Leopold, Prince of Saxe-Coburg</marc:subfield></marc:datafield><marc:datafield tag="852" ind1="4" ind2="1"><marc:subfield code="a">British Library</marc:subfield><marc:subfield code="b">HMNTS</marc:subfield><marc:subfield code="j">11641.f.69.(14.)</marc:subfield></marc:datafield><marc:datafield tag="886" ind1="2" ind2=" "><marc:subfield code="2">blmarc</marc:subfield><marc:subfield code="a">709</marc:subfield><marc:subfield code="b">00</marc:subfield><marc:subfield code="a">CHARLOTTE AUGUSTA, Consort of Leopold, Prince of Saxe-Coburg</marc:subfield><marc:subfield code="p">11641.f.69.(14.)</marc:subfield><marc:subfield code="x">0592850234</marc:subfield></marc:datafield></marc:record>