
<marc:record><marc:leader>01051cam a22001933  4500</marc:leader>
<marc:controlfield tag="001">000012176</marc:controlfield>
<marc:controlfield tag="003">Uk</marc:controlfield><marc:controlfield tag="005">20130715184800.0</marc:controlfield><marc:controlfield tag="008">961121|1857||||enk    ||     ||| |||||  </marc:controlfield><marc:datafield tag="040" ind1=" " ind2=" "><marc:subfield code="a">Uk</marc:subfield><marc:subfield code="c">Uk</marc:subfield></marc:datafield><marc:datafield tag="100" ind1="1" ind2=" "><marc:subfield code="a">ACLAND, Thomas Dyke,</marc:subfield><marc:subfield code="c">Sir,</marc:subfield><marc:subfield code="c">11th Bart.</marc:subfield></marc:datafield><marc:datafield tag="245" ind1="1" ind2="0"><marc:subfield code="a">Meat, Milk, and Wheat: an elementary introduction to the chemistry of farming. To which is added a review of the questions at issue between Mr. Lawes and Baron Liebig.</marc:subfield></marc:datafield><marc:datafield tag="260" ind1=" " ind2=" "><marc:subfield code="a">London :</marc:subfield><marc:subfield code="b">J. Ridgway,</marc:subfield><marc:subfield code="c">1857.</marc:subfield></marc:datafield><marc:datafield tag="300" ind1=" " ind2=" "><marc:subfield code="a">97 p. ;</marc:subfield><marc:subfield code="c">8º.</marc:subfield></marc:datafield><marc:datafield tag="700" ind1="1" ind2=" "><marc:subfield code="a">Lawes, J. B.</marc:subfield><marc:subfield code="q">(John Bennet),</marc:subfield><marc:subfield code="d">1814-1900.</marc:subfield></marc:datafield><marc:datafield tag="700" ind1="1" ind2=" "><marc:subfield code="a">Liebig, Justus,</marc:subfield><marc:subfield code="c">Freiherr von,</marc:subfield><marc:subfield code="d">1803-1873.</marc:subfield><marc:subfield code="t">Single Works. Die Grundsätze der Agricultur-Chemie mit Rücksicht auf die in England angestellten Untersuchungen.</marc:subfield></marc:datafield><marc:datafield tag="852" ind1="4" ind2="1"><marc:subfield code="a">British Library</marc:subfield><marc:subfield code="b">HMNTS</marc:subfield><marc:subfield code="j">7077.f.6.</marc:subfield></marc:datafield><marc:datafield tag="886" ind1="2" ind2=" "><marc:subfield code="2">blmarc</marc:subfield><marc:subfield code="a">709</marc:subfield><marc:subfield code="b">00</marc:subfield><marc:subfield code="a">LAWES</marc:subfield><marc:subfield code="e">Sir</marc:subfield><marc:subfield code="h">John Bennet</marc:subfield><marc:subfield code="f">Bart</marc:subfield><marc:subfield code="p">7077.f.6.</marc:subfield><marc:subfield code="x">186058022X</marc:subfield></marc:datafield><marc:datafield tag="886" ind1="2" ind2=" "><marc:subfield code="2">blmarc</marc:subfield><marc:subfield code="a">709</marc:subfield><marc:subfield code="b">00</marc:subfield><marc:subfield code="a">LIEBIG</marc:subfield><marc:subfield code="h">Justus von</marc:subfield><marc:subfield code="f">Baron</marc:subfield><marc:subfield code="t">Single Works</marc:subfield><marc:subfield code="t">Die Grundsätze der Agricultur-Chemie mit Rücksicht auf die in England angestellten Untersuchungen</marc:subfield><marc:subfield code="p">7077.f.6.</marc:subfield><marc:subfield code="x">1920750053</marc:subfield></marc:datafield></marc:record>