
<marc:record><marc:leader>00488cam a22001453  4500</marc:leader>
<marc:controlfield tag="001">000012179</marc:controlfield>
<marc:controlfield tag="003">Uk</marc:controlfield><marc:controlfield tag="005">20121127183100.0</marc:controlfield><marc:controlfield tag="008">870814|1826|||||||    ||     ||| |||||  </marc:controlfield><marc:datafield tag="040" ind1=" " ind2=" "><marc:subfield code="a">Uk</marc:subfield><marc:subfield code="c">Uk</marc:subfield></marc:datafield><marc:datafield tag="100" ind1="1" ind2=" "><marc:subfield code="a">ACLAND, Thomas Dyke,</marc:subfield><marc:subfield code="c">Sir,</marc:subfield><marc:subfield code="c">11th Bart.</marc:subfield></marc:datafield><marc:datafield tag="245" ind1="1" ind2="0"><marc:subfield code="a">Oratio numismate Peeliano dignata, et in Scholæ Harroviensis auditorio recitata, die Jun. I. A.D. MDCCCXXVI.</marc:subfield></marc:datafield><marc:datafield tag="260" ind1=" " ind2=" "><marc:subfield code="a">Londini :</marc:subfield><marc:subfield code="b">In Ædibus Valpianis,</marc:subfield><marc:subfield code="c">1826.</marc:subfield></marc:datafield><marc:datafield tag="300" ind1=" " ind2=" "><marc:subfield code="a">8 p. ;</marc:subfield><marc:subfield code="c">8º.</marc:subfield></marc:datafield><marc:datafield tag="852" ind1="4" ind2="1"><marc:subfield code="a">British Library</marc:subfield><marc:subfield code="b">HMNTS</marc:subfield><marc:subfield code="j">731.d.17.(1.)</marc:subfield></marc:datafield></marc:record>