
<marc:record><marc:leader>01224cam a22001693  4500</marc:leader>
<marc:controlfield tag="001">000012186</marc:controlfield>
<marc:controlfield tag="003">Uk</marc:controlfield><marc:controlfield tag="005">20130715184800.0</marc:controlfield><marc:controlfield tag="008">870814|1858||||enk    ||     ||| |||||  </marc:controlfield><marc:datafield tag="040" ind1=" " ind2=" "><marc:subfield code="a">Uk</marc:subfield><marc:subfield code="c">Uk</marc:subfield></marc:datafield><marc:datafield tag="100" ind1="1" ind2=" "><marc:subfield code="a">ACLAND, Thomas Dyke,</marc:subfield><marc:subfield code="c">Sir,</marc:subfield><marc:subfield code="c">11th Bart.</marc:subfield></marc:datafield><marc:datafield tag="245" ind1="1" ind2="0"><marc:subfield code="a">[Some Account of the Origin and Objects of the New Oxford Examinations for the title of Associate in Arts, and Certificates. For the year 1858 ... Also Letters from J. Hullah ... W. Dyce ... J. Ruskin ... and G. Richmond ... on the connexion of the arts with general education; and selected papers relating to the West of England examination; with Mr. Temple's report.]</marc:subfield></marc:datafield><marc:datafield tag="250" ind1=" " ind2=" "><marc:subfield code="a">Second edition.</marc:subfield></marc:datafield><marc:datafield tag="260" ind1=" " ind2=" "><marc:subfield code="a">London :</marc:subfield><marc:subfield code="b">J. Ridgway,</marc:subfield><marc:subfield code="c">1858.</marc:subfield></marc:datafield><marc:datafield tag="300" ind1=" " ind2=" "><marc:subfield code="a">xxxii, 227 p. ;</marc:subfield><marc:subfield code="c">8º.</marc:subfield></marc:datafield><marc:datafield tag="787" ind1="0" ind2=" "><marc:subfield code="t">Some Account of the Origin and Objects of the New Oxford Examinations for the title of Associate in Arts, and Certificates. For the year 1858 ... Also Letters from J. Hullah ... W. Dyce ... J. Ruskin ... and G. Richmond ... on the connexion of the arts with general education; and selected papers relating to the West of England examination; with Mr. Temple's report.</marc:subfield><marc:subfield code="d">pp. xx. 212. J. Ridgway: London, 1858. 8º.</marc:subfield><marc:subfield code="w">(Uk)MP1.0000014087</marc:subfield></marc:datafield><marc:datafield tag="852" ind1="4" ind2="1"><marc:subfield code="a">British Library</marc:subfield><marc:subfield code="b">HMNTS</marc:subfield><marc:subfield code="j">8364.d.31.</marc:subfield></marc:datafield></marc:record>