
<marc:record><marc:leader>00833cam a22001933  4500</marc:leader>
<marc:controlfield tag="001">000012222</marc:controlfield>
<marc:controlfield tag="003">Uk</marc:controlfield><marc:controlfield tag="005">20110311165800.0</marc:controlfield><marc:controlfield tag="008">870814|1848|||||||    ||     ||| |||||  </marc:controlfield><marc:datafield tag="040" ind1=" " ind2=" "><marc:subfield code="a">Uk</marc:subfield><marc:subfield code="c">Uk</marc:subfield></marc:datafield><marc:datafield tag="100" ind1="1" ind2=" "><marc:subfield code="a">ACOLLAS, H.</marc:subfield></marc:datafield><marc:datafield tag="245" ind1="1" ind2="0"><marc:subfield code="a">Banques nationales foncières par division départmentale, conciliant les interêts des propriétaires, des capitalistes, des départemens, de l'état. Par H. Acollas et MM. Lemaire frères, etc.</marc:subfield></marc:datafield><marc:datafield tag="260" ind1=" " ind2=" "><marc:subfield code="a">Paris,</marc:subfield><marc:subfield code="c">1848.</marc:subfield></marc:datafield><marc:datafield tag="300" ind1=" " ind2=" "><marc:subfield code="a">16 p. ;</marc:subfield><marc:subfield code="c">8º.</marc:subfield></marc:datafield><marc:datafield tag="700" ind1="0" ind2=" "><marc:subfield code="a">LEMAIRE,</marc:subfield><marc:subfield code="c">Avocat, du Loiret.</marc:subfield></marc:datafield><marc:datafield tag="700" ind1="0" ind2=" "><marc:subfield code="a">LEMAIRE,</marc:subfield><marc:subfield code="c">Avocat, du Loiret, brother of the preceding.</marc:subfield></marc:datafield><marc:datafield tag="852" ind1="4" ind2="1"><marc:subfield code="a">British Library</marc:subfield><marc:subfield code="b">HMNTS</marc:subfield><marc:subfield code="j">8225.e.2.</marc:subfield></marc:datafield><marc:datafield tag="886" ind1="2" ind2=" "><marc:subfield code="2">blmarc</marc:subfield><marc:subfield code="a">709</marc:subfield><marc:subfield code="b">00</marc:subfield><marc:subfield code="a">LEMAIRE</marc:subfield><marc:subfield code="f">Avocat, du Loiret</marc:subfield><marc:subfield code="p">8225.e.2.</marc:subfield><marc:subfield code="x">1884280218</marc:subfield></marc:datafield><marc:datafield tag="886" ind1="2" ind2=" "><marc:subfield code="2">blmarc</marc:subfield><marc:subfield code="a">709</marc:subfield><marc:subfield code="b">00</marc:subfield><marc:subfield code="a">LEMAIRE</marc:subfield><marc:subfield code="f">Avocat, du Loiret, brother of the preceding</marc:subfield><marc:subfield code="p">8225.e.2.</marc:subfield><marc:subfield code="x">1884280226</marc:subfield></marc:datafield></marc:record>