
<marc:record><marc:leader>00591cam a22001693  4500</marc:leader>
<marc:controlfield tag="001">000012251</marc:controlfield>
<marc:controlfield tag="003">Uk</marc:controlfield><marc:controlfield tag="005">20110119132400.0</marc:controlfield><marc:controlfield tag="008">870814|1900|||||||    ||     ||| |||||  </marc:controlfield><marc:datafield tag="040" ind1=" " ind2=" "><marc:subfield code="a">Uk</marc:subfield><marc:subfield code="c">Uk</marc:subfield></marc:datafield><marc:datafield tag="100" ind1="1" ind2=" "><marc:subfield code="a">ACQUATICCI, Giulio.</marc:subfield></marc:datafield><marc:datafield tag="245" ind1="1" ind2="0"><marc:subfield code="a">Catalogo della collezione dantesca raccolta e posseduta da Giulio Acquaticci.</marc:subfield></marc:datafield><marc:datafield tag="260" ind1=" " ind2=" "><marc:subfield code="a">Treia,</marc:subfield><marc:subfield code="c">1900.</marc:subfield></marc:datafield><marc:datafield tag="300" ind1=" " ind2=" "><marc:subfield code="c">8º.</marc:subfield></marc:datafield><marc:datafield tag="700" ind1="0" ind2=" "><marc:subfield code="a">Dante Alighieri,</marc:subfield><marc:subfield code="d">1265-1321</marc:subfield><marc:subfield code="t">General Appendix. Bibliography</marc:subfield></marc:datafield><marc:datafield tag="852" ind1="4" ind2="1"><marc:subfield code="a">British Library</marc:subfield><marc:subfield code="b">HMNTS</marc:subfield><marc:subfield code="j">11422.f.29.(5.)</marc:subfield></marc:datafield><marc:datafield tag="886" ind1="2" ind2=" "><marc:subfield code="2">blmarc</marc:subfield><marc:subfield code="a">709</marc:subfield><marc:subfield code="b">00</marc:subfield><marc:subfield code="a">DANTE ALIGHIERI</marc:subfield><marc:subfield code="t">General Appendix</marc:subfield><marc:subfield code="t">Bibliography</marc:subfield><marc:subfield code="p">11422.f.29.(5.)</marc:subfield><marc:subfield code="x">0764350072</marc:subfield></marc:datafield></marc:record>