
<marc:record><marc:leader>01774cam a22002533  4500</marc:leader>
<marc:controlfield tag="001">000012284</marc:controlfield>
<marc:controlfield tag="003">Uk</marc:controlfield><marc:controlfield tag="005">20120813080400.0</marc:controlfield><marc:controlfield tag="008">870814|1801|||||||    ||    |||| ||eng  </marc:controlfield><marc:datafield tag="040" ind1=" " ind2=" "><marc:subfield code="a">Uk</marc:subfield><marc:subfield code="c">Uk</marc:subfield></marc:datafield><marc:datafield tag="245" ind1="1" ind2="4"><marc:subfield code="a">The Siege of Acre; or descriptive collections relative to the late scene of contest in Syria, between the British and Turkish force, under the orders of Sir W. S. Smith, and the republican French, commanded by General Buonaparte. Chiefly intended as a companion to the ... historical picture, painted by R. K. Porter, etc.</marc:subfield></marc:datafield><marc:datafield tag="260" ind1=" " ind2=" "><marc:subfield code="a">London :</marc:subfield><marc:subfield code="b">W. Glendinning,</marc:subfield><marc:subfield code="c">1801.</marc:subfield></marc:datafield><marc:datafield tag="300" ind1=" " ind2=" "><marc:subfield code="a">96 p. ;</marc:subfield><marc:subfield code="c">8º.</marc:subfield></marc:datafield><marc:datafield tag="700" ind1="1" ind2=" "><marc:subfield code="a">Porter, Robert Ker,</marc:subfield><marc:subfield code="c">Sir,</marc:subfield><marc:subfield code="d">1777-1842.</marc:subfield><marc:subfield code="t">The great historical picture of the Storming of Seringapatam ... painted by R. K. Porter. Descriptive sketch.</marc:subfield></marc:datafield><marc:datafield tag="700" ind1="1" ind2=" "><marc:subfield code="a">SMITH, William Sidney,</marc:subfield><marc:subfield code="c">Sir,</marc:subfield><marc:subfield code="c">G.C.B.</marc:subfield></marc:datafield><marc:datafield tag="700" ind1="0" ind2=" "><marc:subfield code="a">Napoleon</marc:subfield><marc:subfield code="b">I,</marc:subfield><marc:subfield code="c">Emperor of the French,</marc:subfield><marc:subfield code="d">1769-1821.</marc:subfield><marc:subfield code="t">Biography. V. Separate Events. 1798, 99. Expedition to Egypt and Syria.</marc:subfield></marc:datafield><marc:datafield tag="710" ind1="1" ind2=" "><marc:subfield code="a">England.</marc:subfield><marc:subfield code="t">Appendix. History and Politics. II. Chronological Series. 1801</marc:subfield></marc:datafield><marc:datafield tag="720" ind1=" " ind2=" "><marc:subfield code="a">ACRE, Town of</marc:subfield><marc:subfield code="e">main entry</marc:subfield></marc:datafield><marc:datafield tag="852" ind1="4" ind2="1"><marc:subfield code="a">British Library</marc:subfield><marc:subfield code="b">HMNTS</marc:subfield><marc:subfield code="j">9055.bb.25.</marc:subfield></marc:datafield><marc:datafield tag="852" ind1="4" ind2="1"><marc:subfield code="a">British Library</marc:subfield><marc:subfield code="b">HMNTS</marc:subfield><marc:subfield code="j">T.163.(8.)</marc:subfield><marc:subfield code="3">[Another copy.]</marc:subfield></marc:datafield><marc:datafield tag="886" ind1="2" ind2=" "><marc:subfield code="2">blmarc</marc:subfield><marc:subfield code="a">709</marc:subfield><marc:subfield code="b">00</marc:subfield><marc:subfield code="a">ENGLAND</marc:subfield><marc:subfield code="t">Appendix</marc:subfield><marc:subfield code="t">History and Politics</marc:subfield><marc:subfield code="t">II. Chronological Series</marc:subfield><marc:subfield code="t">1801</marc:subfield><marc:subfield code="p">9055.bb.25.</marc:subfield><marc:subfield code="x">1004250150</marc:subfield></marc:datafield><marc:datafield tag="886" ind1="2" ind2=" "><marc:subfield code="2">blmarc</marc:subfield><marc:subfield code="a">709</marc:subfield><marc:subfield code="b">00</marc:subfield><marc:subfield code="a">NAPOLEON I., Emperor of the French</marc:subfield><marc:subfield code="t">Biography</marc:subfield><marc:subfield code="t">V. Separate Events</marc:subfield><marc:subfield code="t">1798, 99. Expedition to Egypt and Syria</marc:subfield><marc:subfield code="p">9055.bb.25.</marc:subfield><marc:subfield code="x">2321210338</marc:subfield></marc:datafield><marc:datafield tag="886" ind1="2" ind2=" "><marc:subfield code="2">blmarc</marc:subfield><marc:subfield code="a">709</marc:subfield><marc:subfield code="b">00</marc:subfield><marc:subfield code="a">PORTER</marc:subfield><marc:subfield code="e">Sir</marc:subfield><marc:subfield code="h">Robert Ker</marc:subfield><marc:subfield code="t">The great historical picture of the Storming of Seringapatam ... painted by R. K. Porter. Descriptive sketch.</marc:subfield><marc:subfield code="p">9055.bb.25.</marc:subfield><marc:subfield code="x">2632060265</marc:subfield></marc:datafield><marc:datafield tag="886" ind1="2" ind2=" "><marc:subfield code="2">blmarc</marc:subfield><marc:subfield code="a">709</marc:subfield><marc:subfield code="b">00</marc:subfield><marc:subfield code="a">SMITH</marc:subfield><marc:subfield code="e">Sir</marc:subfield><marc:subfield code="h">William Sidney</marc:subfield><marc:subfield code="f">G.C.B.</marc:subfield><marc:subfield code="p">9055.bb.25.</marc:subfield><marc:subfield code="x">3062050187</marc:subfield></marc:datafield></marc:record>