
<marc:record><marc:leader>00835cam a22002173  4500</marc:leader>
<marc:controlfield tag="001">000012354</marc:controlfield>
<marc:controlfield tag="003">Uk</marc:controlfield><marc:controlfield tag="005">20110224145400.0</marc:controlfield><marc:controlfield tag="008">870814|1876|||||||    ||     ||| |||||  </marc:controlfield><marc:datafield tag="040" ind1=" " ind2=" "><marc:subfield code="a">Uk</marc:subfield><marc:subfield code="c">Uk</marc:subfield></marc:datafield><marc:datafield tag="100" ind1="1" ind2=" "><marc:subfield code="a">ACRI, Francesco.</marc:subfield></marc:datafield><marc:datafield tag="245" ind1="1" ind2="0"><marc:subfield code="a">I Critici della Critica di alcune critiche, cioé i professor Spaventa, Fiorentino, e Imbriani, apparsi in sogno a Professore Acri.</marc:subfield></marc:datafield><marc:datafield tag="260" ind1=" " ind2=" "><marc:subfield code="a">Bologna,</marc:subfield><marc:subfield code="c">1876.</marc:subfield></marc:datafield><marc:datafield tag="300" ind1=" " ind2=" "><marc:subfield code="a">44 p. ;</marc:subfield><marc:subfield code="c">8º.</marc:subfield></marc:datafield><marc:datafield tag="700" ind1="1" ind2=" "><marc:subfield code="a">Fiorentino, Francesco.</marc:subfield></marc:datafield><marc:datafield tag="700" ind1="1" ind2=" "><marc:subfield code="a">Imbriani, Vittorio,</marc:subfield><marc:subfield code="d">1840-1886.</marc:subfield></marc:datafield><marc:datafield tag="700" ind1="1" ind2=" "><marc:subfield code="a">SPAVENTA, Bertrando.</marc:subfield></marc:datafield><marc:datafield tag="852" ind1="4" ind2="1"><marc:subfield code="a">British Library</marc:subfield><marc:subfield code="b">HMNTS</marc:subfield><marc:subfield code="j">11840.c.5.(9.)</marc:subfield></marc:datafield><marc:datafield tag="886" ind1="2" ind2=" "><marc:subfield code="2">blmarc</marc:subfield><marc:subfield code="a">709</marc:subfield><marc:subfield code="b">00</marc:subfield><marc:subfield code="a">FIORENTINO</marc:subfield><marc:subfield code="h">Francesco</marc:subfield><marc:subfield code="p">11840.c.5.(9.)</marc:subfield><marc:subfield code="x">1090920032</marc:subfield></marc:datafield><marc:datafield tag="886" ind1="2" ind2=" "><marc:subfield code="2">blmarc</marc:subfield><marc:subfield code="a">709</marc:subfield><marc:subfield code="b">00</marc:subfield><marc:subfield code="a">IMBRIANI</marc:subfield><marc:subfield code="h">Vittorio</marc:subfield><marc:subfield code="p">11840.c.5.(9.)</marc:subfield><marc:subfield code="x">1580350224</marc:subfield></marc:datafield><marc:datafield tag="886" ind1="2" ind2=" "><marc:subfield code="2">blmarc</marc:subfield><marc:subfield code="a">709</marc:subfield><marc:subfield code="b">00</marc:subfield><marc:subfield code="a">SPAVENTA</marc:subfield><marc:subfield code="h">Bertrando</marc:subfield><marc:subfield code="p">11840.c.5.(9.)</marc:subfield><marc:subfield code="x">3092820126</marc:subfield></marc:datafield></marc:record>