
<marc:record><marc:leader>00962cam a22002413  4500</marc:leader>
<marc:controlfield tag="001">000012365</marc:controlfield>
<marc:controlfield tag="003">Uk</marc:controlfield><marc:controlfield tag="005">20111222151700.0</marc:controlfield><marc:controlfield tag="008">870814|1858|||||||    ||     ||| |||||  </marc:controlfield><marc:datafield tag="040" ind1=" " ind2=" "><marc:subfield code="a">Uk</marc:subfield><marc:subfield code="c">Uk</marc:subfield></marc:datafield><marc:datafield tag="100" ind1="1" ind2=" "><marc:subfield code="a">ACRON, Helenius.</marc:subfield></marc:datafield><marc:datafield tag="245" ind1="1" ind2="0"><marc:subfield code="a">Scholia Horatiana quae feruntur Acronis et Porphyrionis post G. Fabricium nunc primum emendatiora edidit F. Pauly.</marc:subfield></marc:datafield><marc:datafield tag="260" ind1=" " ind2=" "><marc:subfield code="a">Pragae,</marc:subfield><marc:subfield code="c">1858.</marc:subfield></marc:datafield><marc:datafield tag="300" ind1=" " ind2=" "><marc:subfield code="a">2 vol. ;</marc:subfield><marc:subfield code="c">8º.</marc:subfield></marc:datafield><marc:datafield tag="700" ind1="1" ind2=" "><marc:subfield code="a">FABRICIUS, Georgius,</marc:subfield><marc:subfield code="c">Chemnicensis.</marc:subfield></marc:datafield><marc:datafield tag="700" ind1="0" ind2=" "><marc:subfield code="a">Horace.</marc:subfield><marc:subfield code="t">Appendix. Miscellaneous.</marc:subfield></marc:datafield><marc:datafield tag="700" ind1="1" ind2=" "><marc:subfield code="a">PAULY, Franz.</marc:subfield></marc:datafield><marc:datafield tag="700" ind1="1" ind2=" "><marc:subfield code="a">PORPHYRIO, Pomponius.</marc:subfield></marc:datafield><marc:datafield tag="852" ind1="4" ind2="1"><marc:subfield code="a">British Library</marc:subfield><marc:subfield code="b">HMNTS</marc:subfield><marc:subfield code="j">11385.g.5.</marc:subfield></marc:datafield><marc:datafield tag="886" ind1="2" ind2=" "><marc:subfield code="2">blmarc</marc:subfield><marc:subfield code="a">709</marc:subfield><marc:subfield code="b">00</marc:subfield><marc:subfield code="a">FABRICIUS</marc:subfield><marc:subfield code="h">Georgius</marc:subfield><marc:subfield code="f">Chemnicensis</marc:subfield><marc:subfield code="p">11385.g.5.</marc:subfield><marc:subfield code="x">1050310209</marc:subfield></marc:datafield><marc:datafield tag="886" ind1="2" ind2=" "><marc:subfield code="2">blmarc</marc:subfield><marc:subfield code="a">709</marc:subfield><marc:subfield code="b">00</marc:subfield><marc:subfield code="a">HORATIUS FLACCUS</marc:subfield><marc:subfield code="h">Quintus</marc:subfield><marc:subfield code="t">Appendix</marc:subfield><marc:subfield code="t">Miscellaneous</marc:subfield><marc:subfield code="p">11385.g.5.</marc:subfield><marc:subfield code="x">1524050067</marc:subfield></marc:datafield><marc:datafield tag="886" ind1="2" ind2=" "><marc:subfield code="2">blmarc</marc:subfield><marc:subfield code="a">709</marc:subfield><marc:subfield code="b">00</marc:subfield><marc:subfield code="a">PAULY</marc:subfield><marc:subfield code="h">Franz</marc:subfield><marc:subfield code="p">11385.g.5.</marc:subfield><marc:subfield code="x">2493270010</marc:subfield></marc:datafield><marc:datafield tag="886" ind1="2" ind2=" "><marc:subfield code="2">blmarc</marc:subfield><marc:subfield code="a">709</marc:subfield><marc:subfield code="b">00</marc:subfield><marc:subfield code="a">PORPHYRIO</marc:subfield><marc:subfield code="h">Pomponius</marc:subfield><marc:subfield code="p">11385.g.5.</marc:subfield><marc:subfield code="x">2631160215</marc:subfield></marc:datafield></marc:record>