
<marc:record><marc:leader>01094cam a22002413  4500</marc:leader>
<marc:controlfield tag="001">000012366</marc:controlfield>
<marc:controlfield tag="003">Uk</marc:controlfield><marc:controlfield tag="005">20110119132400.0</marc:controlfield><marc:controlfield tag="008">870814|1859|||||||    ||     ||| |||||  </marc:controlfield><marc:datafield tag="040" ind1=" " ind2=" "><marc:subfield code="a">Uk</marc:subfield><marc:subfield code="c">Uk</marc:subfield></marc:datafield><marc:datafield tag="100" ind1="1" ind2=" "><marc:subfield code="a">ACRON, Helenius.</marc:subfield></marc:datafield><marc:datafield tag="245" ind1="1" ind2="0"><marc:subfield code="a">Acronis et Porphyrionis qui circumferuntur commentaru in Q. Horatium Flaccum. Edidit F. Hauthal.</marc:subfield></marc:datafield><marc:datafield tag="260" ind1=" " ind2=" "><marc:subfield code="a">pp. 1-64. Lipsiae, 1859.</marc:subfield></marc:datafield><marc:datafield tag="300" ind1=" " ind2=" "><marc:subfield code="a">8º.</marc:subfield></marc:datafield><marc:datafield tag="500" ind1=" " ind2=" "><marc:subfield code="a">No more published.</marc:subfield></marc:datafield><marc:datafield tag="700" ind1="1" ind2=" "><marc:subfield code="a">HAUTHAL, Ferdinand.</marc:subfield></marc:datafield><marc:datafield tag="700" ind1="0" ind2=" "><marc:subfield code="a">Horace.</marc:subfield><marc:subfield code="t">Appendix. Miscellaneous.</marc:subfield></marc:datafield><marc:datafield tag="700" ind1="1" ind2=" "><marc:subfield code="a">PORPHYRIO, Pomponius.</marc:subfield></marc:datafield><marc:datafield tag="775" ind1="0" ind2=" "><marc:subfield code="t">[Acronis et Porphyrionis qui circumferuntur commentaru in Q. Horatium Flaccum. Edidit F. Hauthal.]</marc:subfield><marc:subfield code="d">2 tom. Berolini, 1864, 66. 8º.</marc:subfield><marc:subfield code="w">(Uk)MP1.0000014306.1</marc:subfield></marc:datafield><marc:datafield tag="852" ind1="4" ind2="1"><marc:subfield code="a">British Library</marc:subfield><marc:subfield code="b">HMNTS</marc:subfield><marc:subfield code="j">11312.h.47.</marc:subfield></marc:datafield><marc:datafield tag="886" ind1="2" ind2=" "><marc:subfield code="2">blmarc</marc:subfield><marc:subfield code="a">709</marc:subfield><marc:subfield code="b">00</marc:subfield><marc:subfield code="a">HAUTHAL</marc:subfield><marc:subfield code="h">Ferdinand</marc:subfield><marc:subfield code="p">11312.h.47.</marc:subfield><marc:subfield code="x">1421580039</marc:subfield><marc:subfield code="p">11312.h.5.</marc:subfield><marc:subfield code="x">1421580039</marc:subfield></marc:datafield><marc:datafield tag="886" ind1="2" ind2=" "><marc:subfield code="2">blmarc</marc:subfield><marc:subfield code="a">709</marc:subfield><marc:subfield code="b">00</marc:subfield><marc:subfield code="a">HORATIUS FLACCUS</marc:subfield><marc:subfield code="h">Quintus</marc:subfield><marc:subfield code="t">Appendix</marc:subfield><marc:subfield code="t">Miscellaneous</marc:subfield><marc:subfield code="p">11312.h.47.</marc:subfield><marc:subfield code="x">1524050040</marc:subfield><marc:subfield code="p">11312.h.5.</marc:subfield><marc:subfield code="x">1524050040</marc:subfield></marc:datafield><marc:datafield tag="886" ind1="2" ind2=" "><marc:subfield code="2">blmarc</marc:subfield><marc:subfield code="a">709</marc:subfield><marc:subfield code="b">00</marc:subfield><marc:subfield code="a">PORPHYRIO</marc:subfield><marc:subfield code="h">Pomponius</marc:subfield><marc:subfield code="p">11312.h.47.</marc:subfield><marc:subfield code="x">2631160223</marc:subfield><marc:subfield code="p">11312.h.5.</marc:subfield><marc:subfield code="x">2631160223</marc:subfield></marc:datafield></marc:record>