
<marc:record><marc:leader>00895cam a22001933  4500</marc:leader>
<marc:controlfield tag="001">000012379</marc:controlfield>
<marc:controlfield tag="003">Uk</marc:controlfield><marc:controlfield tag="005">20130615210700.0</marc:controlfield><marc:controlfield tag="008">870814|1853||||enk    ||     ||| |||||  </marc:controlfield><marc:datafield tag="040" ind1=" " ind2=" "><marc:subfield code="a">Uk</marc:subfield><marc:subfield code="c">Uk</marc:subfield></marc:datafield><marc:datafield tag="100" ind1="1" ind2=" "><marc:subfield code="a">ACROPOLITA, Constantine.</marc:subfield></marc:datafield><marc:datafield tag="245" ind1="1" ind2="0"><marc:subfield code="a">Ἐγκωμιον ... εἰς τον ἁγιον και θεοστεπτον Βασιλεα Κωνσταντινον τον Μεγαν ... ἐκδοθεν πρωτον ἠδη ὡς ἐχει ἐν χειρογραφοις, etc.</marc:subfield></marc:datafield><marc:datafield tag="260" ind1=" " ind2=" "><marc:subfield code="a">London :</marc:subfield><marc:subfield code="b">Longmans &amp; Co.,</marc:subfield><marc:subfield code="c">1853.</marc:subfield></marc:datafield><marc:datafield tag="300" ind1=" " ind2=" "><marc:subfield code="a">vi, 37 p. ;</marc:subfield><marc:subfield code="c">8º.</marc:subfield></marc:datafield><marc:datafield tag="700" ind1="0" ind2=" "><marc:subfield code="a">Constantine</marc:subfield><marc:subfield code="b">I,</marc:subfield><marc:subfield code="c">Emperor of Rome,</marc:subfield><marc:subfield code="d">-337.</marc:subfield></marc:datafield><marc:datafield tag="700" ind1="1" ind2=" "><marc:subfield code="a">SIMONIDES, Constantine.</marc:subfield></marc:datafield><marc:datafield tag="852" ind1="4" ind2="1"><marc:subfield code="a">British Library</marc:subfield><marc:subfield code="b">HMNTS</marc:subfield><marc:subfield code="j">10605.d.31.(3.)</marc:subfield></marc:datafield><marc:datafield tag="886" ind1="2" ind2=" "><marc:subfield code="2">blmarc</marc:subfield><marc:subfield code="a">709</marc:subfield><marc:subfield code="b">00</marc:subfield><marc:subfield code="a">CONSTANTINE I., Emperor of Rome, called the Great</marc:subfield><marc:subfield code="p">10605.d.31.(3.)</marc:subfield><marc:subfield code="x">068286000X</marc:subfield></marc:datafield><marc:datafield tag="886" ind1="2" ind2=" "><marc:subfield code="2">blmarc</marc:subfield><marc:subfield code="a">709</marc:subfield><marc:subfield code="b">00</marc:subfield><marc:subfield code="a">SIMONIDES</marc:subfield><marc:subfield code="h">Constantine</marc:subfield><marc:subfield code="p">10605.d.31.(3.)</marc:subfield><marc:subfield code="x">3031100239</marc:subfield></marc:datafield></marc:record>