
<marc:record><marc:leader>01467cam a22002413  4500</marc:leader>
<marc:controlfield tag="001">000012385</marc:controlfield>
<marc:controlfield tag="003">Uk</marc:controlfield><marc:controlfield tag="005">20120120152500.0</marc:controlfield><marc:controlfield tag="008">040305|1836|||||||    ||     ||| |||||  </marc:controlfield><marc:datafield tag="040" ind1=" " ind2=" "><marc:subfield code="a">Uk</marc:subfield><marc:subfield code="c">Uk</marc:subfield></marc:datafield><marc:datafield tag="100" ind1="1" ind2=" "><marc:subfield code="a">ACROPOLITA, George.</marc:subfield></marc:datafield><marc:datafield tag="245" ind1="1" ind2="0"><marc:subfield code="a">[Georgii Logothetæ Acropolitæ Chronicon Constantinopolitanum ... nunc primum ... editum, notisq. illustratum. Ex bibliotheca T. Dousæ. [Edited by T. Dousa.] Gr. &amp; Lat.]</marc:subfield></marc:datafield><marc:datafield tag="250" ind1=" " ind2=" "><marc:subfield code="a">[Another edition.] Recognovit I. Bekkerus. [With a Latin translation by L. Allacci.]</marc:subfield></marc:datafield><marc:datafield tag="260" ind1=" " ind2=" "><marc:subfield code="a">Bonnae,</marc:subfield><marc:subfield code="c">1836.</marc:subfield></marc:datafield><marc:datafield tag="300" ind1=" " ind2=" "><marc:subfield code="a">vi, 286 p. ;</marc:subfield><marc:subfield code="c">8º.</marc:subfield></marc:datafield><marc:datafield tag="490" ind1="0" ind2=" "><marc:subfield code="a">[Corpus Scriptorum Historiae Byzantinae. pt. 18.]</marc:subfield></marc:datafield><marc:datafield tag="700" ind1="1" ind2=" "><marc:subfield code="a">Allacci, Leone,</marc:subfield><marc:subfield code="d">1586-1669.</marc:subfield><marc:subfield code="t">Works edited or translated by L. Allacci.</marc:subfield></marc:datafield><marc:datafield tag="700" ind1="1" ind2=" "><marc:subfield code="a">DOUSA, Theodorus.</marc:subfield></marc:datafield><marc:datafield tag="787" ind1="0" ind2=" "><marc:subfield code="t">Georgii Logothetæ Acropolitæ Chronicon Constantinopolitanum ... nunc primum ... editum, notisq. illustratum. Ex bibliotheca T. Dousæ. [Edited by T. Dousa.] Gr. &amp; Lat.</marc:subfield><marc:subfield code="d">2 pt. G. Basson: Lugduni Batavorum, 1614. 8º.</marc:subfield><marc:subfield code="w">(Uk)MP1.0000014326</marc:subfield></marc:datafield><marc:datafield tag="852" ind1="4" ind2="1"><marc:subfield code="a">British Library</marc:subfield><marc:subfield code="b">HMNTS</marc:subfield><marc:subfield code="j">MSS888.008 (18)</marc:subfield></marc:datafield><marc:datafield tag="852" ind1="4" ind2="1"><marc:subfield code="a">British Library</marc:subfield><marc:subfield code="b">HMNTS</marc:subfield><marc:subfield code="j">2071.h.18.</marc:subfield><marc:subfield code="3">Superseded by MSS888.008 (18)</marc:subfield></marc:datafield><marc:datafield tag="886" ind1="2" ind2=" "><marc:subfield code="2">blmarc</marc:subfield><marc:subfield code="a">709</marc:subfield><marc:subfield code="b">00</marc:subfield><marc:subfield code="a">ALLACCI</marc:subfield><marc:subfield code="h">Leone</marc:subfield><marc:subfield code="t">Works edited or translated by L. Allacci</marc:subfield><marc:subfield code="p">804.i.2/7.</marc:subfield><marc:subfield code="x">0053520246</marc:subfield><marc:subfield code="p">2002.b.</marc:subfield><marc:subfield code="x">0053520262</marc:subfield><marc:subfield code="p">2071.h.18.</marc:subfield><marc:subfield code="x">0053520254</marc:subfield></marc:datafield><marc:datafield tag="886" ind1="2" ind2=" "><marc:subfield code="2">blmarc</marc:subfield><marc:subfield code="a">709</marc:subfield><marc:subfield code="b">00</marc:subfield><marc:subfield code="a">DOUSA</marc:subfield><marc:subfield code="h">Theodorus</marc:subfield><marc:subfield code="p">1053.a.13.(1.)</marc:subfield><marc:subfield code="x">0863140017</marc:subfield><marc:subfield code="p">804.i.2/7.</marc:subfield><marc:subfield code="x">0863140033</marc:subfield><marc:subfield code="p">2002.b.</marc:subfield><marc:subfield code="x">086314005X</marc:subfield><marc:subfield code="p">2071.h.18.</marc:subfield><marc:subfield code="x">0863140041</marc:subfield><marc:subfield code="p">589.i.23.</marc:subfield><marc:subfield code="x">0863140025</marc:subfield></marc:datafield></marc:record>