
<marc:record><marc:leader>00555cam a22001333  4500</marc:leader>
<marc:controlfield tag="001">000012387</marc:controlfield>
<marc:controlfield tag="003">Uk</marc:controlfield><marc:controlfield tag="005">20110119132400.0</marc:controlfield><marc:controlfield tag="008">870814|1866|||||||    ||     ||| |||||  </marc:controlfield><marc:datafield tag="040" ind1=" " ind2=" "><marc:subfield code="a">Uk</marc:subfield><marc:subfield code="c">Uk</marc:subfield></marc:datafield><marc:datafield tag="100" ind1="1" ind2=" "><marc:subfield code="a">ACROPOLITA, George.</marc:subfield></marc:datafield><marc:datafield tag="245" ind1="1" ind2="0"><marc:subfield code="a">Λογος του ... Γεωργιου Ἀκροπολιτου περι της ἐκπορευσεως του ἁγιου Πνευματος προς Λατινους..</marc:subfield></marc:datafield><marc:datafield tag="580" ind1=" " ind2=" "><marc:subfield code="a">In : Demetrakopoulos (A. K.) Ἐκκλησιαστικη Βιβλιοθηκη, etc. 1866. 8º.</marc:subfield></marc:datafield><marc:datafield tag="852" ind1="4" ind2="1"><marc:subfield code="a">British Library</marc:subfield><marc:subfield code="b">HMNTS</marc:subfield><marc:subfield code="j">3622.cc.1.</marc:subfield></marc:datafield></marc:record>