
<marc:record><marc:leader>01650cam a22003613  4500</marc:leader>
<marc:controlfield tag="001">000012409</marc:controlfield>
<marc:controlfield tag="003">Uk</marc:controlfield><marc:controlfield tag="005">20130427150400.0</marc:controlfield><marc:controlfield tag="008">980220|1886|||||||    ||     ||| ||hun  </marc:controlfield><marc:datafield tag="040" ind1=" " ind2=" "><marc:subfield code="a">Uk</marc:subfield><marc:subfield code="c">Uk</marc:subfield></marc:datafield><marc:datafield tag="100" ind1="1" ind2=" "><marc:subfield code="a">Shakespeare, William,</marc:subfield><marc:subfield code="d">1564-1616</marc:subfield></marc:datafield><marc:datafield tag="240" ind1="1" ind2="0"><marc:subfield code="a">Works. Hungarian</marc:subfield></marc:datafield><marc:datafield tag="245" ind1="1" ind2="0"><marc:subfield code="a">Shakspere színmüvei. Fordítják többen. Bevezetésekkel és jegyzetekkel ellátta Csiky Gergely. Javított kiadás Közel 600 illustrátióval. [With illustrations by H. C. Selous.]</marc:subfield></marc:datafield><marc:datafield tag="260" ind1=" " ind2=" "><marc:subfield code="a">Budapest,</marc:subfield><marc:subfield code="c">[1886-1891]</marc:subfield></marc:datafield><marc:datafield tag="300" ind1=" " ind2=" "><marc:subfield code="a">6 tom. ;</marc:subfield><marc:subfield code="c">4º.</marc:subfield></marc:datafield><marc:datafield tag="700" ind1="1" ind2=" "><marc:subfield code="a">ÁCS, Zsigmond.</marc:subfield></marc:datafield><marc:datafield tag="700" ind1="1" ind2=" "><marc:subfield code="a">Arany, János,</marc:subfield><marc:subfield code="d">1817-1882.</marc:subfield><marc:subfield code="t">Works translated or edited by Arany.</marc:subfield></marc:datafield><marc:datafield tag="700" ind1="1" ind2=" "><marc:subfield code="a">Arany, László,</marc:subfield><marc:subfield code="d">1844-1898.</marc:subfield></marc:datafield><marc:datafield tag="700" ind1="1" ind2=" "><marc:subfield code="a">Csiky, Gergely,</marc:subfield><marc:subfield code="d">1842-1891.</marc:subfield></marc:datafield><marc:datafield tag="700" ind1="1" ind2=" "><marc:subfield code="a">FEJES, József.</marc:subfield></marc:datafield><marc:datafield tag="700" ind1="1" ind2=" "><marc:subfield code="a">GREGUSS, Ágost Livius Mihály Peregrin.</marc:subfield></marc:datafield><marc:datafield tag="700" ind1="1" ind2=" "><marc:subfield code="a">GYŐRY, Vilmos.</marc:subfield></marc:datafield><marc:datafield tag="700" ind1="1" ind2=" "><marc:subfield code="a">LŐRINCZI, Zsigmond.</marc:subfield></marc:datafield><marc:datafield tag="700" ind1="1" ind2=" "><marc:subfield code="a">Petőfi, Sándor,</marc:subfield><marc:subfield code="d">1823-1849.</marc:subfield><marc:subfield code="t">Works translated by Petőfi.</marc:subfield></marc:datafield><marc:datafield tag="700" ind1="1" ind2=" "><marc:subfield code="a">Selous, Henry Courtney,</marc:subfield><marc:subfield code="d">1803-1890.</marc:subfield></marc:datafield><marc:datafield tag="700" ind1="1" ind2=" "><marc:subfield code="a">SZÁSZ, Károly,</marc:subfield><marc:subfield code="c">the Younger, Bishop of Dunamelléki Ref. Egyházkerület.</marc:subfield></marc:datafield><marc:datafield tag="700" ind1="1" ind2=" "><marc:subfield code="a">SZIGLIGETI, Edvárd,</marc:subfield><marc:subfield code="c">pseud. [i.e. József Eduárd Szathmáry.]</marc:subfield></marc:datafield><marc:datafield tag="700" ind1="1" ind2=" "><marc:subfield code="a">Vörösmarty, Mihály,</marc:subfield><marc:subfield code="d">1800-1855.</marc:subfield></marc:datafield><marc:datafield tag="852" ind1="4" ind2="1"><marc:subfield code="a">British Library</marc:subfield><marc:subfield code="b">HMNTS</marc:subfield><marc:subfield code="j">11766.m.1.</marc:subfield></marc:datafield><marc:datafield tag="886" ind1="2" ind2=" "><marc:subfield code="2">blmarc</marc:subfield><marc:subfield code="a">709</marc:subfield><marc:subfield code="b">00</marc:subfield><marc:subfield code="a">ARANY</marc:subfield><marc:subfield code="h">János</marc:subfield><marc:subfield code="t">Works translated or edited by Arany</marc:subfield><marc:subfield code="p">11766.m.1.</marc:subfield><marc:subfield code="x">0101520263</marc:subfield></marc:datafield><marc:datafield tag="886" ind1="2" ind2=" "><marc:subfield code="2">blmarc</marc:subfield><marc:subfield code="a">709</marc:subfield><marc:subfield code="b">00</marc:subfield><marc:subfield code="a">ARANY</marc:subfield><marc:subfield code="h">László</marc:subfield><marc:subfield code="p">11766.m.1.</marc:subfield><marc:subfield code="x">010154006X</marc:subfield></marc:datafield><marc:datafield tag="886" ind1="2" ind2=" "><marc:subfield code="2">blmarc</marc:subfield><marc:subfield code="a">709</marc:subfield><marc:subfield code="b">00</marc:subfield><marc:subfield code="a">CSIKY</marc:subfield><marc:subfield code="h">Gergely</marc:subfield><marc:subfield code="p">11766.m.1.</marc:subfield><marc:subfield code="x">0734650191</marc:subfield></marc:datafield><marc:datafield tag="886" ind1="2" ind2=" "><marc:subfield code="2">blmarc</marc:subfield><marc:subfield code="a">709</marc:subfield><marc:subfield code="b">00</marc:subfield><marc:subfield code="a">FEJES</marc:subfield><marc:subfield code="h">József</marc:subfield><marc:subfield code="p">11766.m.1.</marc:subfield><marc:subfield code="x">1064600255</marc:subfield></marc:datafield></marc:record>