
<marc:record><marc:leader>00920cam a2200217 a 4500</marc:leader>
<marc:controlfield tag="001">000012416</marc:controlfield>
<marc:controlfield tag="003">Uk</marc:controlfield><marc:controlfield tag="005">20130205114705.0</marc:controlfield><marc:controlfield tag="008">941201s1899    hu            000 0 hun  </marc:controlfield><marc:datafield tag="040" ind1=" " ind2=" "><marc:subfield code="a">Uk</marc:subfield><marc:subfield code="c">Uk</marc:subfield><marc:subfield code="d">Uk</marc:subfield></marc:datafield><marc:datafield tag="100" ind1="1" ind2=" "><marc:subfield code="a">Acsády, Ignác,</marc:subfield><marc:subfield code="d">1845-1906.</marc:subfield></marc:datafield><marc:datafield tag="245" ind1="1" ind2="2"><marc:subfield code="a">A karloviczi béke története, 1699 /</marc:subfield><marc:subfield code="c">felolvasta a M. Tud. Akadémia II. osztályának 1899. február 6-iki ülésén Acsády Ignácz.</marc:subfield></marc:datafield><marc:datafield tag="246" ind1="3" ind2=" "><marc:subfield code="a">A karlovici béke története, 1699</marc:subfield></marc:datafield><marc:datafield tag="260" ind1=" " ind2=" "><marc:subfield code="a">Budapest, :</marc:subfield><marc:subfield code="b">Magyar Tudományos Akadémia,</marc:subfield><marc:subfield code="c">1899.</marc:subfield></marc:datafield><marc:datafield tag="300" ind1=" " ind2=" "><marc:subfield code="a">80 p. ;</marc:subfield><marc:subfield code="c">22 cm, 8º.</marc:subfield></marc:datafield><marc:datafield tag="490" ind1="1" ind2=" "><marc:subfield code="a">Értekezések a történeti tudományok köréből ;</marc:subfield><marc:subfield code="v">18. köt. 4. sz.</marc:subfield></marc:datafield><marc:datafield tag="630" ind1="0" ind2="0"><marc:subfield code="a">Sremski Karlovci, Peace of, 1699.</marc:subfield></marc:datafield><marc:datafield tag="650" ind1=" " ind2="0"><marc:subfield code="a">Austro-Turkish War, 1683-1699.</marc:subfield></marc:datafield><marc:datafield tag="710" ind1="2" ind2=" "><marc:subfield code="a">Magyar Tudományos Akadémia.</marc:subfield></marc:datafield><marc:datafield tag="830" ind1=" " ind2="0"><marc:subfield code="a">Értekezések a történeti tudományok köréből ;</marc:subfield><marc:subfield code="v">18/4.</marc:subfield></marc:datafield><marc:datafield tag="852" ind1="4" ind2="1"><marc:subfield code="a">British Library</marc:subfield><marc:subfield code="b">HMNTS</marc:subfield><marc:subfield code="j">Ac.825/11.</marc:subfield></marc:datafield></marc:record>