
<marc:record><marc:leader>00936cam a22001813  4500</marc:leader>
<marc:controlfield tag="001">000012490</marc:controlfield>
<marc:controlfield tag="003">Uk</marc:controlfield><marc:controlfield tag="005">20120224170000.0</marc:controlfield><marc:controlfield tag="008">870814|1894|||||||    ||    |||| |||||  </marc:controlfield><marc:datafield tag="040" ind1=" " ind2=" "><marc:subfield code="a">Uk</marc:subfield><marc:subfield code="c">Uk</marc:subfield></marc:datafield><marc:datafield tag="245" ind1="1" ind2="0"><marc:subfield code="a">Actio Curiosa. Magyar történeti vígjáték 1678-ból ... Közli Thaly Kálmán. Toldalékul Kőszeghy Pál elbeszélő-költeményéhez.</marc:subfield></marc:datafield><marc:datafield tag="260" ind1=" " ind2=" "><marc:subfield code="c">1894.</marc:subfield></marc:datafield><marc:datafield tag="580" ind1=" " ind2=" "><marc:subfield code="a">In : Pest.-Magyar Tudományos Akadémia. Történelmi Tár. Évf. 1894. Füz. 2. 1878, etc. 8º.</marc:subfield></marc:datafield><marc:datafield tag="700" ind1="1" ind2=" "><marc:subfield code="a">KŐSZEGHY, Pál.</marc:subfield></marc:datafield><marc:datafield tag="720" ind1=" " ind2=" "><marc:subfield code="a">ACTIO</marc:subfield><marc:subfield code="e">main entry</marc:subfield></marc:datafield><marc:datafield tag="775" ind1="0" ind2=" "><marc:subfield code="t">[Actio Curiosa. Magyar történeti vígjáték 1678-ból ... Közli Thaly Kálmán. Toldalékul Kőszeghy Pál elbeszélő-költeményéhez.]</marc:subfield><marc:subfield code="n">In Kőszeghy (P.) Bercsényi Házassaga, etc. 1894. 8º.</marc:subfield><marc:subfield code="w">(Uk)MP1.0000014705.1</marc:subfield></marc:datafield><marc:datafield tag="852" ind1="4" ind2="1"><marc:subfield code="a">British Library</marc:subfield><marc:subfield code="b">HMNTS</marc:subfield><marc:subfield code="j">Ac.825/27.</marc:subfield></marc:datafield><marc:datafield tag="886" ind1="2" ind2=" "><marc:subfield code="2">blmarc</marc:subfield><marc:subfield code="a">709</marc:subfield><marc:subfield code="b">00</marc:subfield><marc:subfield code="a">KŐSZEGHY</marc:subfield><marc:subfield code="h">Pál</marc:subfield><marc:subfield code="p">Ac.825/27.</marc:subfield><marc:subfield code="x">1783190213</marc:subfield></marc:datafield></marc:record>