
<marc:record><marc:leader>00742cam a22001573  4500</marc:leader>
<marc:controlfield tag="001">000012491</marc:controlfield>
<marc:controlfield tag="003">Uk</marc:controlfield><marc:controlfield tag="005">20110119132400.0</marc:controlfield><marc:controlfield tag="008">870814|1894|||||||    ||    |||| |||||  </marc:controlfield><marc:datafield tag="040" ind1=" " ind2=" "><marc:subfield code="a">Uk</marc:subfield><marc:subfield code="c">Uk</marc:subfield></marc:datafield><marc:datafield tag="245" ind1="1" ind2="0"><marc:subfield code="a">[Actio Curiosa. Magyar történeti vígjáték 1678-ból ... Közli Thaly Kálmán. Toldalékul Kőszeghy Pál elbeszélő-költeményéhez.]</marc:subfield></marc:datafield><marc:datafield tag="250" ind1=" " ind2=" "><marc:subfield code="a">[Another edition.]</marc:subfield></marc:datafield><marc:datafield tag="580" ind1=" " ind2=" "><marc:subfield code="a">In : Kőszeghy (P.) Bercsényi Házassaga, etc. 1894. 8º.</marc:subfield></marc:datafield><marc:datafield tag="720" ind1=" " ind2=" "><marc:subfield code="a">ACTIO</marc:subfield><marc:subfield code="e">main entry</marc:subfield></marc:datafield><marc:datafield tag="787" ind1="0" ind2=" "><marc:subfield code="t">Actio Curiosa. Magyar történeti vígjáték 1678-ból ... Közli Thaly Kálmán. Toldalékul Kőszeghy Pál elbeszélő-költeményéhez.</marc:subfield><marc:subfield code="d">1894.</marc:subfield><marc:subfield code="w">(Uk)MP1.0000014705</marc:subfield></marc:datafield><marc:datafield tag="852" ind1="4" ind2="1"><marc:subfield code="a">British Library</marc:subfield><marc:subfield code="b">HMNTS</marc:subfield><marc:subfield code="j">Ac.825/137.</marc:subfield></marc:datafield></marc:record>