
<marc:record><marc:leader>00730cam a22001693  4500</marc:leader>
<marc:controlfield tag="001">000012599</marc:controlfield>
<marc:controlfield tag="003">Uk</marc:controlfield><marc:controlfield tag="005">20110119132400.0</marc:controlfield><marc:controlfield tag="008">870814|1854|||||||    ||     ||| |||||  </marc:controlfield><marc:datafield tag="040" ind1=" " ind2=" "><marc:subfield code="a">Uk</marc:subfield><marc:subfield code="c">Uk</marc:subfield></marc:datafield><marc:datafield tag="100" ind1="1" ind2=" "><marc:subfield code="a">Acton, Eliza,</marc:subfield><marc:subfield code="d">1799-1859.</marc:subfield></marc:datafield><marc:datafield tag="245" ind1="1" ind2="0"><marc:subfield code="a">Modern cookery ... Fourteenth edition, to which are added directions for carving.</marc:subfield></marc:datafield><marc:datafield tag="260" ind1=" " ind2=" "><marc:subfield code="a">London: Longman, Brown, Green, &amp; Longmans, 1854.</marc:subfield></marc:datafield><marc:datafield tag="300" ind1=" " ind2=" "><marc:subfield code="a">pp. xlviii, 608: pl. 8; illus. 17 cm.</marc:subfield></marc:datafield><marc:datafield tag="775" ind1="0" ind2=" "><marc:subfield code="t">[Modern cookery ... Fourteenth edition, to which are added directions for carving.]</marc:subfield><marc:subfield code="d">pp. xxxi. 643. Longmans &amp; Co.: London, 1855. 8º.</marc:subfield><marc:subfield code="w">(Uk)MP1.0000014864.1</marc:subfield></marc:datafield><marc:datafield tag="787" ind1="0" ind2=" "><marc:subfield code="t">Modern Cookery, etc.</marc:subfield><marc:subfield code="d">London, 1861. 8º.</marc:subfield><marc:subfield code="w">(Uk)MP1.0000014864.2</marc:subfield></marc:datafield><marc:datafield tag="852" ind1="4" ind2="1"><marc:subfield code="a">British Library</marc:subfield><marc:subfield code="b">HMNTS</marc:subfield><marc:subfield code="j">1607/4366.</marc:subfield></marc:datafield></marc:record>