
<marc:record><marc:leader>00710cam a22001693  4500</marc:leader>
<marc:controlfield tag="001">000012600</marc:controlfield>
<marc:controlfield tag="003">Uk</marc:controlfield><marc:controlfield tag="005">20130430174800.0</marc:controlfield><marc:controlfield tag="008">870814|1855||||enk    ||     ||| |||||  </marc:controlfield><marc:datafield tag="040" ind1=" " ind2=" "><marc:subfield code="a">Uk</marc:subfield><marc:subfield code="c">Uk</marc:subfield></marc:datafield><marc:datafield tag="100" ind1="1" ind2=" "><marc:subfield code="a">Acton, Eliza,</marc:subfield><marc:subfield code="d">1799-1859.</marc:subfield></marc:datafield><marc:datafield tag="245" ind1="1" ind2="0"><marc:subfield code="a">[Modern cookery ... Fourteenth edition, to which are added directions for carving.]</marc:subfield></marc:datafield><marc:datafield tag="250" ind1=" " ind2=" "><marc:subfield code="a">Newly revised and much enlarged edition.</marc:subfield></marc:datafield><marc:datafield tag="260" ind1=" " ind2=" "><marc:subfield code="a">London :</marc:subfield><marc:subfield code="b">Longmans &amp; Co.,</marc:subfield><marc:subfield code="c">1855.</marc:subfield></marc:datafield><marc:datafield tag="300" ind1=" " ind2=" "><marc:subfield code="a">xxxi, 643 p. ;</marc:subfield><marc:subfield code="c">8º.</marc:subfield></marc:datafield><marc:datafield tag="787" ind1="0" ind2=" "><marc:subfield code="t">Modern cookery ... Fourteenth edition, to which are added directions for carving.</marc:subfield><marc:subfield code="d">London: Longman, Brown, Green, &amp; Longmans, 1854. pp. xlviii, 608: pl. 8; illus. 17 cm.</marc:subfield><marc:subfield code="w">(Uk)MP1.0000014864</marc:subfield></marc:datafield><marc:datafield tag="852" ind1="4" ind2="1"><marc:subfield code="a">British Library</marc:subfield><marc:subfield code="b">HMNTS</marc:subfield><marc:subfield code="j">1037.d.43.</marc:subfield></marc:datafield></marc:record>