
<marc:record><marc:leader>01051cam a22002293  4500</marc:leader>
<marc:controlfield tag="001">000012660</marc:controlfield>
<marc:controlfield tag="003">Uk</marc:controlfield><marc:controlfield tag="005">20111222151700.0</marc:controlfield><marc:controlfield tag="008">870814|1833|||||||    ||     ||| |||||  </marc:controlfield><marc:datafield tag="040" ind1=" " ind2=" "><marc:subfield code="a">Uk</marc:subfield><marc:subfield code="c">Uk</marc:subfield></marc:datafield><marc:datafield tag="100" ind1="1" ind2=" "><marc:subfield code="a">Acton, Henry.</marc:subfield></marc:datafield><marc:datafield tag="245" ind1="1" ind2="0"><marc:subfield code="a">Religious Opinions and Example of Milton, Locke and Newton. A lecture, with notes.</marc:subfield></marc:datafield><marc:datafield tag="260" ind1=" " ind2=" "><marc:subfield code="a">London :</marc:subfield><marc:subfield code="b">R. Hunter,</marc:subfield><marc:subfield code="c">1833.</marc:subfield></marc:datafield><marc:datafield tag="300" ind1=" " ind2=" "><marc:subfield code="a">47 p. ;</marc:subfield><marc:subfield code="c">8º.</marc:subfield></marc:datafield><marc:datafield tag="700" ind1="1" ind2=" "><marc:subfield code="a">Locke, John,</marc:subfield><marc:subfield code="d">1632-1704</marc:subfield><marc:subfield code="t">Appendix.</marc:subfield></marc:datafield><marc:datafield tag="700" ind1="1" ind2=" "><marc:subfield code="a">Milton, John,</marc:subfield><marc:subfield code="d">1608-1674</marc:subfield><marc:subfield code="t">Appendix.</marc:subfield></marc:datafield><marc:datafield tag="700" ind1="1" ind2=" "><marc:subfield code="a">Newton, Isaac,</marc:subfield><marc:subfield code="c">Sir,</marc:subfield><marc:subfield code="d">1642-1727.</marc:subfield></marc:datafield><marc:datafield tag="775" ind1="0" ind2=" "><marc:subfield code="t">[Religious Opinions and Example of Milton, Locke and Newton. A lecture, with notes.]</marc:subfield><marc:subfield code="d">pp. 24. British &amp; Foreign Unitarian Association: London, [1845?] 12º.</marc:subfield><marc:subfield code="w">(Uk)MP1.0000014922.1</marc:subfield></marc:datafield><marc:datafield tag="852" ind1="4" ind2="1"><marc:subfield code="a">British Library</marc:subfield><marc:subfield code="b">HMNTS</marc:subfield><marc:subfield code="j">4224.dd.31.(4.)</marc:subfield></marc:datafield><marc:datafield tag="886" ind1="2" ind2=" "><marc:subfield code="2">blmarc</marc:subfield><marc:subfield code="a">709</marc:subfield><marc:subfield code="b">00</marc:subfield><marc:subfield code="a">LOCKE</marc:subfield><marc:subfield code="h">John</marc:subfield><marc:subfield code="f">the Philosopher</marc:subfield><marc:subfield code="t">Appendix</marc:subfield><marc:subfield code="p">4224.dd.31.(4.)</marc:subfield><marc:subfield code="x">1961250225</marc:subfield></marc:datafield><marc:datafield tag="886" ind1="2" ind2=" "><marc:subfield code="2">blmarc</marc:subfield><marc:subfield code="a">709</marc:subfield><marc:subfield code="b">00</marc:subfield><marc:subfield code="a">MILTON</marc:subfield><marc:subfield code="h">John</marc:subfield><marc:subfield code="t">Appendix</marc:subfield><marc:subfield code="p">4224.dd.31.(4.)</marc:subfield><marc:subfield code="x">2222840317</marc:subfield></marc:datafield><marc:datafield tag="886" ind1="2" ind2=" "><marc:subfield code="2">blmarc</marc:subfield><marc:subfield code="a">709</marc:subfield><marc:subfield code="b">00</marc:subfield><marc:subfield code="a">NEWTON</marc:subfield><marc:subfield code="e">Sir</marc:subfield><marc:subfield code="h">Isaac</marc:subfield><marc:subfield code="t">Appendix</marc:subfield><marc:subfield code="p">4224.dd.31.(4.)</marc:subfield><marc:subfield code="x">2360570374</marc:subfield></marc:datafield></marc:record>