
<marc:record><marc:leader>00692cam a22001573  4500</marc:leader>
<marc:controlfield tag="001">000012662</marc:controlfield>
<marc:controlfield tag="003">Uk</marc:controlfield><marc:controlfield tag="005">20120203162600.0</marc:controlfield><marc:controlfield tag="008">870814|1830|||||||    ||     ||| |||||  </marc:controlfield><marc:datafield tag="040" ind1=" " ind2=" "><marc:subfield code="a">Uk</marc:subfield><marc:subfield code="c">Uk</marc:subfield></marc:datafield><marc:datafield tag="100" ind1="1" ind2=" "><marc:subfield code="a">Acton, Henry.</marc:subfield></marc:datafield><marc:datafield tag="245" ind1="1" ind2="0"><marc:subfield code="a">Six Lectures on the Dignity, Office, and Work of our Lord Jesus Christ, in explanation and defence of Unitarian views of the Gospel.</marc:subfield></marc:datafield><marc:datafield tag="260" ind1=" " ind2=" "><marc:subfield code="a">London :</marc:subfield><marc:subfield code="b">Hunter,</marc:subfield><marc:subfield code="c">1830.</marc:subfield></marc:datafield><marc:datafield tag="300" ind1=" " ind2=" "><marc:subfield code="a">v, 148 p. ;</marc:subfield><marc:subfield code="c">12º.</marc:subfield></marc:datafield><marc:datafield tag="775" ind1="0" ind2=" "><marc:subfield code="t">[Six Lectures on the Dignity, Office, and Work of our Lord Jesus Christ, in explanation and defence of Unitarian views of the Gospel.]</marc:subfield><marc:subfield code="d">pp. v. 167. R. Hunter: London, 1833. 12º.</marc:subfield><marc:subfield code="w">(Uk)MP1.0000014923.1</marc:subfield></marc:datafield><marc:datafield tag="852" ind1="4" ind2="1"><marc:subfield code="a">British Library</marc:subfield><marc:subfield code="b">HMNTS</marc:subfield><marc:subfield code="j">4224.cc.31.</marc:subfield></marc:datafield></marc:record>