
<marc:record><marc:leader>00888cam a22001933  4500</marc:leader>
<marc:controlfield tag="001">000012684</marc:controlfield>
<marc:controlfield tag="003">Uk</marc:controlfield><marc:controlfield tag="005">20110224145400.0</marc:controlfield><marc:controlfield tag="008">970108|1886|||||||    ||     ||| |||||  </marc:controlfield><marc:datafield tag="040" ind1=" " ind2=" "><marc:subfield code="a">Uk</marc:subfield><marc:subfield code="c">Uk</marc:subfield></marc:datafield><marc:datafield tag="100" ind1="1" ind2=" "><marc:subfield code="a">Acton, John Emerich Edward Dalberg Acton,</marc:subfield><marc:subfield code="c">Baron,</marc:subfield><marc:subfield code="d">1834-1902</marc:subfield></marc:datafield><marc:datafield tag="245" ind1="1" ind2="0"><marc:subfield code="a">George Eliot. Eine biographische Skizze ... Übersetzung [of an article in the “Nineteenth Century”] von J. Imelmann.</marc:subfield></marc:datafield><marc:datafield tag="260" ind1=" " ind2=" "><marc:subfield code="a">Berlin,</marc:subfield><marc:subfield code="c">1886.</marc:subfield></marc:datafield><marc:datafield tag="300" ind1=" " ind2=" "><marc:subfield code="a">52 p. ;</marc:subfield><marc:subfield code="c">8º.</marc:subfield></marc:datafield><marc:datafield tag="700" ind1="1" ind2=" "><marc:subfield code="a">Eliot, George,</marc:subfield><marc:subfield code="d">1819-1880</marc:subfield><marc:subfield code="t">Appendix. II. Miscellaneous.</marc:subfield></marc:datafield><marc:datafield tag="700" ind1="1" ind2=" "><marc:subfield code="a">IMELMANN, J.,</marc:subfield><marc:subfield code="c">Professor am Joachimsthalschen Gymnasium zu Berlin.</marc:subfield></marc:datafield><marc:datafield tag="852" ind1="4" ind2="1"><marc:subfield code="a">British Library</marc:subfield><marc:subfield code="b">HMNTS</marc:subfield><marc:subfield code="j">10601.a.26.(9.)</marc:subfield></marc:datafield><marc:datafield tag="886" ind1="2" ind2=" "><marc:subfield code="2">blmarc</marc:subfield><marc:subfield code="a">709</marc:subfield><marc:subfield code="b">00</marc:subfield><marc:subfield code="a">ELIOT</marc:subfield><marc:subfield code="h">George</marc:subfield><marc:subfield code="t">Appendix</marc:subfield><marc:subfield code="t">II. Miscellaneous</marc:subfield><marc:subfield code="p">10601.a.26.(9.)</marc:subfield><marc:subfield code="x">0932750087</marc:subfield></marc:datafield><marc:datafield tag="886" ind1="2" ind2=" "><marc:subfield code="2">blmarc</marc:subfield><marc:subfield code="a">709</marc:subfield><marc:subfield code="b">00</marc:subfield><marc:subfield code="a">IMELMANN</marc:subfield><marc:subfield code="h">J.</marc:subfield><marc:subfield code="f">Professor am Joachimsthalschen Gymnasium zu Berlin</marc:subfield><marc:subfield code="p">10601.a.26.(9.)</marc:subfield><marc:subfield code="x">1580370136</marc:subfield></marc:datafield></marc:record>