
<marc:record><marc:leader>00474cam a22001453  4500</marc:leader>
<marc:controlfield tag="001">000012696</marc:controlfield>
<marc:controlfield tag="003">Uk</marc:controlfield><marc:controlfield tag="005">20120420175200.0</marc:controlfield><marc:controlfield tag="008">870814|1870|||||||    ||     ||| |||||  </marc:controlfield><marc:datafield tag="040" ind1=" " ind2=" "><marc:subfield code="a">Uk</marc:subfield><marc:subfield code="c">Uk</marc:subfield></marc:datafield><marc:datafield tag="100" ind1="1" ind2=" "><marc:subfield code="a">Acton, John Emerich Edward Dalberg Acton,</marc:subfield><marc:subfield code="c">Baron,</marc:subfield><marc:subfield code="d">1834-1902</marc:subfield></marc:datafield><marc:datafield tag="245" ind1="1" ind2="0"><marc:subfield code="a">Sendschreiben an einen deutschen Bischof des Vaticanischen Concils ... September, 1870.</marc:subfield></marc:datafield><marc:datafield tag="260" ind1=" " ind2=" "><marc:subfield code="a">Nördlingen,</marc:subfield><marc:subfield code="c">[1870]</marc:subfield></marc:datafield><marc:datafield tag="300" ind1=" " ind2=" "><marc:subfield code="a">19 p. ;</marc:subfield><marc:subfield code="c">8º.</marc:subfield></marc:datafield><marc:datafield tag="852" ind1="4" ind2="1"><marc:subfield code="a">British Library</marc:subfield><marc:subfield code="b">HMNTS</marc:subfield><marc:subfield code="j">3913.aaa.62.(3.)</marc:subfield></marc:datafield></marc:record>