
<marc:record><marc:leader>00988cam a22002173  4500</marc:leader>
<marc:controlfield tag="001">000012710</marc:controlfield>
<marc:controlfield tag="003">Uk</marc:controlfield><marc:controlfield tag="005">20130615210700.0</marc:controlfield><marc:controlfield tag="008">870814|1872|||||||    ||     ||| ||eng  </marc:controlfield><marc:datafield tag="040" ind1=" " ind2=" "><marc:subfield code="a">Uk</marc:subfield><marc:subfield code="c">Uk</marc:subfield></marc:datafield><marc:datafield tag="100" ind1="1" ind2=" "><marc:subfield code="a">ACTON, Roger.</marc:subfield></marc:datafield><marc:datafield tag="245" ind1="1" ind2="4"><marc:subfield code="a">The Abyssinian Expedition and the Life and Reign of King Theodore. With ... illustrations ... by the special artists [W. Simpson, R. Baigrie and others] and correspondents of the Illustrated London News, and reprinted from that journal. The history by R. Acton.</marc:subfield></marc:datafield><marc:datafield tag="260" ind1=" " ind2=" "><marc:subfield code="a">London :</marc:subfield><marc:subfield code="b">Illustrated London News,</marc:subfield><marc:subfield code="c">[1872]</marc:subfield></marc:datafield><marc:datafield tag="300" ind1=" " ind2=" "><marc:subfield code="a">77 p. ;</marc:subfield><marc:subfield code="c">fol.</marc:subfield></marc:datafield><marc:datafield tag="700" ind1="1" ind2=" "><marc:subfield code="a">BAIGRIE, Richard.</marc:subfield></marc:datafield><marc:datafield tag="700" ind1="1" ind2=" "><marc:subfield code="a">SIMPSON, William</marc:subfield><marc:subfield code="c">(Artist)</marc:subfield></marc:datafield><marc:datafield tag="720" ind1=" " ind2=" "><marc:subfield code="a">THEODORE II., Emperor of Abyssinia</marc:subfield></marc:datafield><marc:datafield tag="852" ind1="4" ind2="1"><marc:subfield code="a">British Library</marc:subfield><marc:subfield code="b">HMNTS</marc:subfield><marc:subfield code="j">1781.b.1.</marc:subfield></marc:datafield><marc:datafield tag="886" ind1="2" ind2=" "><marc:subfield code="2">blmarc</marc:subfield><marc:subfield code="a">709</marc:subfield><marc:subfield code="b">00</marc:subfield><marc:subfield code="a">BAIGRIE</marc:subfield><marc:subfield code="h">Richard</marc:subfield><marc:subfield code="p">1781.b.1.</marc:subfield><marc:subfield code="x">0163130191</marc:subfield></marc:datafield><marc:datafield tag="886" ind1="2" ind2=" "><marc:subfield code="2">blmarc</marc:subfield><marc:subfield code="a">709</marc:subfield><marc:subfield code="b">00</marc:subfield><marc:subfield code="a">SIMPSON</marc:subfield><marc:subfield code="h">William</marc:subfield><marc:subfield code="f">Artist</marc:subfield><marc:subfield code="p">1781.b.1.</marc:subfield><marc:subfield code="x">3032130069</marc:subfield></marc:datafield><marc:datafield tag="886" ind1="2" ind2=" "><marc:subfield code="2">blmarc</marc:subfield><marc:subfield code="a">709</marc:subfield><marc:subfield code="b">00</marc:subfield><marc:subfield code="a">THEODORE II., Emperor of Abyssinia</marc:subfield><marc:subfield code="p">1781.b.1.</marc:subfield><marc:subfield code="x">3233470088</marc:subfield></marc:datafield></marc:record>