
<marc:record><marc:leader>00793cam a22001573  4500</marc:leader>
<marc:controlfield tag="001">000012728</marc:controlfield>
<marc:controlfield tag="003">Uk</marc:controlfield><marc:controlfield tag="005">20130708175200.0</marc:controlfield><marc:controlfield tag="008">870814|1851||||enk    ||     ||| |||||  </marc:controlfield><marc:datafield tag="040" ind1=" " ind2=" "><marc:subfield code="a">Uk</marc:subfield><marc:subfield code="c">Uk</marc:subfield></marc:datafield><marc:datafield tag="100" ind1="1" ind2=" "><marc:subfield code="a">Acton, William,</marc:subfield><marc:subfield code="c">surgeon.</marc:subfield></marc:datafield><marc:datafield tag="245" ind1="1" ind2="2"><marc:subfield code="a">A Practical Treatise on the Diseases of the Urinary and Generative Organs, in both Sexes ... Second edition [of &quot;A Complete Practical Treatise on Venereal Diseases&quot;].</marc:subfield></marc:datafield><marc:datafield tag="260" ind1=" " ind2=" "><marc:subfield code="a">London :</marc:subfield><marc:subfield code="b">John Churchill,</marc:subfield><marc:subfield code="c">1851.</marc:subfield></marc:datafield><marc:datafield tag="300" ind1=" " ind2=" "><marc:subfield code="a">viii, 693 p. ;</marc:subfield><marc:subfield code="c">8º.</marc:subfield></marc:datafield><marc:datafield tag="775" ind1="0" ind2=" "><marc:subfield code="t">[A Practical Treatise on the Diseases of the Urinary and Generative Organs, in both Sexes ... Second edition [of “A Complete Practical Treatise on Venereal Diseases”].]</marc:subfield><marc:subfield code="d">pp. xxxii. 608. John Churchill: London, 1860. 8º.</marc:subfield><marc:subfield code="w">(Uk)MP1.0000014989.1</marc:subfield></marc:datafield><marc:datafield tag="852" ind1="4" ind2="1"><marc:subfield code="a">British Library</marc:subfield><marc:subfield code="b">HMNTS</marc:subfield><marc:subfield code="j">1174.l.21.</marc:subfield></marc:datafield></marc:record>