
<marc:record><marc:leader>02102cam a22002053  4500</marc:leader>
<marc:controlfield tag="001">000012730</marc:controlfield>
<marc:controlfield tag="003">Uk</marc:controlfield><marc:controlfield tag="005">20130708175200.0</marc:controlfield><marc:controlfield tag="008">870814|1857||||enk    ||     ||| ||eng  </marc:controlfield><marc:datafield tag="040" ind1=" " ind2=" "><marc:subfield code="a">Uk</marc:subfield><marc:subfield code="c">Uk</marc:subfield></marc:datafield><marc:datafield tag="100" ind1="1" ind2=" "><marc:subfield code="a">Acton, William,</marc:subfield><marc:subfield code="c">surgeon.</marc:subfield></marc:datafield><marc:datafield tag="245" ind1="1" ind2="4"><marc:subfield code="a">The Functions and Disorders of the Re-productive Organs in Youth, in Adult Age, and in Advanced Life ... Reprinted from the third edition of ... Practical Treatise on Diseases of the Urinary and Generative Organs.</marc:subfield></marc:datafield><marc:datafield tag="260" ind1=" " ind2=" "><marc:subfield code="a">London :</marc:subfield><marc:subfield code="b">John Churchill,</marc:subfield><marc:subfield code="c">1857.</marc:subfield></marc:datafield><marc:datafield tag="300" ind1=" " ind2=" "><marc:subfield code="a">vi, 108 p. ;</marc:subfield><marc:subfield code="c">8º.</marc:subfield></marc:datafield><marc:datafield tag="775" ind1="0" ind2=" "><marc:subfield code="t">[The Functions and Disorders of the Re-productive Organs in Youth, in Adult Age, and in Advanced Life ... Reprinted from the third edition of ... Practical Treatise on Diseases of the Urinary and Generative Organs.]</marc:subfield><marc:subfield code="d">pp. viii. 123. John Churchill: London, 1858. 8º.</marc:subfield><marc:subfield code="w">(Uk)MP1.0000014990.1</marc:subfield></marc:datafield><marc:datafield tag="775" ind1="0" ind2=" "><marc:subfield code="t">[The Functions and Disorders of the Re-productive Organs in Youth, in Adult Age, and in Advanced Life ... Reprinted from the third edition of ... Practical Treatise on Diseases of the Urinary and Generative Organs.]</marc:subfield><marc:subfield code="d">pp. xvi. 218. John Churchill: London, 1862. 8º.</marc:subfield><marc:subfield code="w">(Uk)MP1.0000014990.2</marc:subfield></marc:datafield><marc:datafield tag="775" ind1="0" ind2=" "><marc:subfield code="t">[The Functions and Disorders of the Re-productive Organs in Youth, in Adult Age, and in Advanced Life ... Reprinted from the third edition of ... Practical Treatise on Diseases of the Urinary and Generative Organs.]</marc:subfield><marc:subfield code="d">pp. xiv. 243. John Churchill: London, 1865. 8º.</marc:subfield><marc:subfield code="w">(Uk)MP1.0000014990.3</marc:subfield></marc:datafield><marc:datafield tag="775" ind1="0" ind2=" "><marc:subfield code="t">[The Functions and Disorders of the Re-productive Organs in Youth, in Adult Age, and in Advanced Life ... Reprinted from the third edition of ... Practical Treatise on Diseases of the Urinary and Generative Organs.]</marc:subfield><marc:subfield code="d">pp. xvi. 262. J. &amp; A. Churchill: London, 1871. 8º.</marc:subfield><marc:subfield code="w">(Uk)MP1.0000014990.4</marc:subfield></marc:datafield><marc:datafield tag="775" ind1="0" ind2=" "><marc:subfield code="t">[The Functions and Disorders of the Re-productive Organs in Youth, in Adult Age, and in Advanced Life ... Reprinted from the third edition of ... Practical Treatise on Diseases of the Urinary and Generative Organs.]</marc:subfield><marc:subfield code="d">pp. xii. 266. J. &amp; A. Churchill: London, 1875. 8º.</marc:subfield><marc:subfield code="w">(Uk)MP1.0000014990.5</marc:subfield></marc:datafield><marc:datafield tag="852" ind1="4" ind2="1"><marc:subfield code="a">British Library</marc:subfield><marc:subfield code="b">HMNTS</marc:subfield><marc:subfield code="j">1174.l.41.</marc:subfield></marc:datafield></marc:record>