
<marc:record><marc:leader>00909cam a22001693  4500</marc:leader>
<marc:controlfield tag="001">000012731</marc:controlfield>
<marc:controlfield tag="003">Uk</marc:controlfield><marc:controlfield tag="005">20130708175200.0</marc:controlfield><marc:controlfield tag="008">870814|1858||||enk    ||     ||| |||||  </marc:controlfield><marc:datafield tag="040" ind1=" " ind2=" "><marc:subfield code="a">Uk</marc:subfield><marc:subfield code="c">Uk</marc:subfield></marc:datafield><marc:datafield tag="100" ind1="1" ind2=" "><marc:subfield code="a">Acton, William,</marc:subfield><marc:subfield code="c">surgeon.</marc:subfield></marc:datafield><marc:datafield tag="245" ind1="1" ind2="5"><marc:subfield code="a">[The Functions and Disorders of the Re-productive Organs in Youth, in Adult Age, and in Advanced Life ... Reprinted from the third edition of ... Practical Treatise on Diseases of the Urinary and Generative Organs.]</marc:subfield></marc:datafield><marc:datafield tag="250" ind1=" " ind2=" "><marc:subfield code="a">Second edition.</marc:subfield></marc:datafield><marc:datafield tag="260" ind1=" " ind2=" "><marc:subfield code="a">London :</marc:subfield><marc:subfield code="b">John Churchill,</marc:subfield><marc:subfield code="c">1858.</marc:subfield></marc:datafield><marc:datafield tag="300" ind1=" " ind2=" "><marc:subfield code="a">viii, 123 p. ;</marc:subfield><marc:subfield code="c">8º.</marc:subfield></marc:datafield><marc:datafield tag="787" ind1="0" ind2=" "><marc:subfield code="t">The Functions and Disorders of the Re-productive Organs in Youth, in Adult Age, and in Advanced Life ... Reprinted from the third edition of ... Practical Treatise on Diseases of the Urinary and Generative Organs.</marc:subfield><marc:subfield code="d">pp. vi. 108. John Churchill: London, 1857. 8º.</marc:subfield><marc:subfield code="w">(Uk)MP1.0000014990</marc:subfield></marc:datafield><marc:datafield tag="852" ind1="4" ind2="1"><marc:subfield code="a">British Library</marc:subfield><marc:subfield code="b">HMNTS</marc:subfield><marc:subfield code="j">1174.i.5.</marc:subfield></marc:datafield></marc:record>