
<marc:record><marc:leader>00806cam a22001573  4500</marc:leader>
<marc:controlfield tag="001">000012737</marc:controlfield>
<marc:controlfield tag="003">Uk</marc:controlfield><marc:controlfield tag="005">20130708175200.0</marc:controlfield><marc:controlfield tag="008">870814|1857||||enk    ||     ||| |||||  </marc:controlfield><marc:datafield tag="040" ind1=" " ind2=" "><marc:subfield code="a">Uk</marc:subfield><marc:subfield code="c">Uk</marc:subfield></marc:datafield><marc:datafield tag="100" ind1="1" ind2=" "><marc:subfield code="a">Acton, William,</marc:subfield><marc:subfield code="c">surgeon.</marc:subfield></marc:datafield><marc:datafield tag="245" ind1="1" ind2="0"><marc:subfield code="a">Prostitution considered in its moral, social, and sanitary aspects, in London and other large cities. With proposals for the mitigation and prevention of its attendant evils.</marc:subfield></marc:datafield><marc:datafield tag="260" ind1=" " ind2=" "><marc:subfield code="a">London :</marc:subfield><marc:subfield code="b">John Churchill,</marc:subfield><marc:subfield code="c">1857.</marc:subfield></marc:datafield><marc:datafield tag="300" ind1=" " ind2=" "><marc:subfield code="a">ix, 189 p. ;</marc:subfield><marc:subfield code="c">8º.</marc:subfield></marc:datafield><marc:datafield tag="775" ind1="0" ind2=" "><marc:subfield code="t">[Prostitution considered in its moral, social, and sanitary aspects, in London and other large cities. With proposals for the mitigation and prevention of its attendant evils.]</marc:subfield><marc:subfield code="d">pp. xvi. 302. J. Churchill &amp; Sons: London, 1870. 8º.</marc:subfield><marc:subfield code="w">(Uk)MP1.0000014992.1</marc:subfield></marc:datafield><marc:datafield tag="852" ind1="4" ind2="1"><marc:subfield code="a">British Library</marc:subfield><marc:subfield code="b">HMNTS</marc:subfield><marc:subfield code="j">8276.d.52.</marc:subfield></marc:datafield></marc:record>