
<marc:record><marc:leader>00726cam a22001573  4500</marc:leader>
<marc:controlfield tag="001">000012751</marc:controlfield>
<marc:controlfield tag="003">Uk</marc:controlfield><marc:controlfield tag="005">20110119132400.0</marc:controlfield><marc:controlfield tag="008">870814|1869|||||||    ||    |||| |||||  </marc:controlfield><marc:datafield tag="040" ind1=" " ind2=" "><marc:subfield code="a">Uk</marc:subfield><marc:subfield code="c">Uk</marc:subfield></marc:datafield><marc:datafield tag="245" ind1="1" ind2="5"><marc:subfield code="a">[The Actors Remonstrance, or complaint for the silencing of their profession, and banishment from their severall play-houses, etc.]</marc:subfield></marc:datafield><marc:datafield tag="250" ind1=" " ind2=" "><marc:subfield code="a">[Another edition.]</marc:subfield></marc:datafield><marc:datafield tag="580" ind1=" " ind2=" "><marc:subfield code="a">In : Hazlitt (William C.) The English Drama, etc. 1869. 4º.</marc:subfield></marc:datafield><marc:datafield tag="720" ind1=" " ind2=" "><marc:subfield code="a">ACTORS</marc:subfield><marc:subfield code="e">main entry</marc:subfield></marc:datafield><marc:datafield tag="787" ind1="0" ind2=" "><marc:subfield code="t">The Actors Remonstrance, or complaint for the silencing of their profession, and banishment from their severall play-houses, etc.</marc:subfield><marc:subfield code="d">pp. 8. Edw. Nickson: London, 1643. 4º.</marc:subfield><marc:subfield code="w">(Uk)MP1.0000015016</marc:subfield></marc:datafield><marc:datafield tag="852" ind1="4" ind2="1"><marc:subfield code="a">British Library</marc:subfield><marc:subfield code="b">HMNTS</marc:subfield><marc:subfield code="j">12205.l.13.(7.)</marc:subfield></marc:datafield></marc:record>