
<marc:record><marc:leader>00777cam a22001693  4500</marc:leader>
<marc:controlfield tag="001">000012799</marc:controlfield>
<marc:controlfield tag="003">Uk</marc:controlfield><marc:controlfield tag="005">20120203162600.0</marc:controlfield><marc:controlfield tag="008">870814|1805|||||||    ||    |||| |||||  </marc:controlfield><marc:datafield tag="040" ind1=" " ind2=" "><marc:subfield code="a">Uk</marc:subfield><marc:subfield code="c">Uk</marc:subfield></marc:datafield><marc:datafield tag="245" ind1="1" ind2="0"><marc:subfield code="a">Letters to Dr. Rowley, on his late pamphlet, entitled “Cow-pox Inoculation, no security against small-pox infection.” By Aculeus.</marc:subfield></marc:datafield><marc:datafield tag="260" ind1=" " ind2=" "><marc:subfield code="a">London :</marc:subfield><marc:subfield code="b">J. Norris,</marc:subfield><marc:subfield code="c">1805.</marc:subfield></marc:datafield><marc:datafield tag="300" ind1=" " ind2=" "><marc:subfield code="a">vii, 60 p. ;</marc:subfield><marc:subfield code="c">8º.</marc:subfield></marc:datafield><marc:datafield tag="700" ind1="1" ind2=" "><marc:subfield code="a">ROWLEY, William,</marc:subfield><marc:subfield code="c">M.D..</marc:subfield><marc:subfield code="t">De l'inefficacité et des dangers de la Vaccine ... Traduit sur la 3e édition, etc.</marc:subfield></marc:datafield><marc:datafield tag="720" ind1=" " ind2=" "><marc:subfield code="a">ACULEUS</marc:subfield><marc:subfield code="e">main entry</marc:subfield></marc:datafield><marc:datafield tag="852" ind1="4" ind2="1"><marc:subfield code="a">British Library</marc:subfield><marc:subfield code="b">HMNTS</marc:subfield><marc:subfield code="j">T.83.(4.)</marc:subfield></marc:datafield><marc:datafield tag="886" ind1="2" ind2=" "><marc:subfield code="2">blmarc</marc:subfield><marc:subfield code="a">709</marc:subfield><marc:subfield code="b">00</marc:subfield><marc:subfield code="a">ROWLEY</marc:subfield><marc:subfield code="h">William</marc:subfield><marc:subfield code="f">M.D.</marc:subfield><marc:subfield code="t">De l'inefficacité et des dangers de la Vaccine ... Traduit sur la 3e édition, etc.</marc:subfield><marc:subfield code="p">T.83.(4.)</marc:subfield><marc:subfield code="x">2831700175</marc:subfield></marc:datafield></marc:record>