
<marc:record><marc:leader>00760cam a22001573  4500</marc:leader>
<marc:controlfield tag="001">000012819</marc:controlfield>
<marc:controlfield tag="003">Uk</marc:controlfield><marc:controlfield tag="005">20110119132400.0</marc:controlfield><marc:controlfield tag="008">870814|1859|||||||    ||     ||| |||||  </marc:controlfield><marc:datafield tag="040" ind1=" " ind2=" "><marc:subfield code="a">Uk</marc:subfield><marc:subfield code="c">Uk</marc:subfield></marc:datafield><marc:datafield tag="100" ind1="1" ind2=" "><marc:subfield code="a">ACUÑA, Christoval de.</marc:subfield></marc:datafield><marc:datafield tag="245" ind1="1" ind2="3"><marc:subfield code="a">[A Relation of the Great River of Amazons in South America, etc.]</marc:subfield></marc:datafield><marc:datafield tag="250" ind1=" " ind2=" "><marc:subfield code="a">[Another edition.] A New Discovery of the Great River of the Amazons, etc. [Translated by Sir C. R. Markham.]</marc:subfield></marc:datafield><marc:datafield tag="580" ind1=" " ind2=" "><marc:subfield code="a">In : Markham (Sir Clements R.) K.C.B. Expeditions into the Valley of the Amazons, etc. 1859. 8º.</marc:subfield></marc:datafield><marc:datafield tag="787" ind1="0" ind2=" "><marc:subfield code="t">A Relation of the Great River of Amazons in South America, etc.</marc:subfield><marc:subfield code="n">In America, South. Voyages and Discoveries in South-America, etc. 1698. 8º.</marc:subfield><marc:subfield code="w">(Uk)MP1.0000015100</marc:subfield></marc:datafield><marc:datafield tag="852" ind1="4" ind2="1"><marc:subfield code="a">British Library</marc:subfield><marc:subfield code="b">HMNTS</marc:subfield><marc:subfield code="j">Ac.6172/22.</marc:subfield></marc:datafield></marc:record>