
<marc:record><marc:leader>00666cam a22001453  4500</marc:leader>
<marc:controlfield tag="001">000012836</marc:controlfield>
<marc:controlfield tag="003">Uk</marc:controlfield><marc:controlfield tag="005">20120224170000.0</marc:controlfield><marc:controlfield tag="008">870814|1883|||||||    ||     ||| |||||  </marc:controlfield><marc:datafield tag="040" ind1=" " ind2=" "><marc:subfield code="a">Uk</marc:subfield><marc:subfield code="c">Uk</marc:subfield></marc:datafield><marc:datafield tag="100" ind1="1" ind2=" "><marc:subfield code="a">ACUÑA, Juan de.</marc:subfield></marc:datafield><marc:datafield tag="245" ind1="1" ind2="0"><marc:subfield code="a">Autos de oposición del alférez Joan de Acuña ... como padre y legítimo administrador de Joan de Alarcon su hijo y de Isabel de Guevara su mujer á las encomiendas y officios de aquella provincia, en virtud de las provisiones que presenta.</marc:subfield></marc:datafield><marc:datafield tag="260" ind1=" " ind2=" "><marc:subfield code="c">1883.</marc:subfield></marc:datafield><marc:datafield tag="580" ind1=" " ind2=" "><marc:subfield code="a">In : Fernández (L.) Colección de documentos para la historia de Costa-Rica, etc. tom. 3. 1881, etc. 8º.</marc:subfield></marc:datafield><marc:datafield tag="852" ind1="4" ind2="1"><marc:subfield code="a">British Library</marc:subfield><marc:subfield code="b">HMNTS</marc:subfield><marc:subfield code="j">9771.eee.12.</marc:subfield></marc:datafield></marc:record>