
<marc:record><marc:leader>00817cam a22001933  4500</marc:leader>
<marc:controlfield tag="001">000012846</marc:controlfield>
<marc:controlfield tag="003">Uk</marc:controlfield><marc:controlfield tag="005">20120405161500.0</marc:controlfield><marc:controlfield tag="008">870814|1891|||||||    ||     ||| |||||  </marc:controlfield><marc:datafield tag="040" ind1=" " ind2=" "><marc:subfield code="a">Uk</marc:subfield><marc:subfield code="c">Uk</marc:subfield></marc:datafield><marc:datafield tag="100" ind1="1" ind2=" "><marc:subfield code="a">Acuña, Manuel.</marc:subfield></marc:datafield><marc:datafield tag="245" ind1="1" ind2="0"><marc:subfield code="a">[Poesías ... Con un prólogo de ... F. Soldevilla.]</marc:subfield></marc:datafield><marc:datafield tag="250" ind1=" " ind2=" "><marc:subfield code="a">[Another edition.] Obras ... comprendiendo el drama El Pasado, con un prólogo del Lic. R. de Zayas Enríquez. Nueva edición, corregida.</marc:subfield></marc:datafield><marc:datafield tag="260" ind1=" " ind2=" "><marc:subfield code="a">Veracruz ;</marc:subfield><marc:subfield code="a">Paris,</marc:subfield><marc:subfield code="c">1891.</marc:subfield></marc:datafield><marc:datafield tag="300" ind1=" " ind2=" "><marc:subfield code="a">viii, 275 p. ;</marc:subfield><marc:subfield code="c">12º.</marc:subfield></marc:datafield><marc:datafield tag="700" ind1="1" ind2=" "><marc:subfield code="a">ZAYAS ENRÍQUEZ, Rafael de.</marc:subfield></marc:datafield><marc:datafield tag="787" ind1="0" ind2=" "><marc:subfield code="t">Poesías ... Con un prólogo de ... F. Soldevilla.</marc:subfield><marc:subfield code="d">pp. xvi. 287. Paris, 1885. 12º.</marc:subfield><marc:subfield code="w">(Uk)MP1.0000015140</marc:subfield></marc:datafield><marc:datafield tag="852" ind1="4" ind2="1"><marc:subfield code="a">British Library</marc:subfield><marc:subfield code="b">HMNTS</marc:subfield><marc:subfield code="j">11450.ccc.3.</marc:subfield></marc:datafield><marc:datafield tag="886" ind1="2" ind2=" "><marc:subfield code="2">blmarc</marc:subfield><marc:subfield code="a">709</marc:subfield><marc:subfield code="b">00</marc:subfield><marc:subfield code="a">ZAYAS ENRÍQUEZ</marc:subfield><marc:subfield code="h">Rafael de</marc:subfield><marc:subfield code="p">11450.ccc.3.</marc:subfield><marc:subfield code="x">3591540196</marc:subfield></marc:datafield></marc:record>