
<marc:record><marc:leader>01330cam a22002653  4500</marc:leader>
<marc:controlfield tag="001">000012859</marc:controlfield>
<marc:controlfield tag="003">Uk</marc:controlfield><marc:controlfield tag="005">20120217162500.0</marc:controlfield><marc:controlfield tag="008">870814|1890|||||||    ||     ||| |||||  </marc:controlfield><marc:datafield tag="040" ind1=" " ind2=" "><marc:subfield code="a">Uk</marc:subfield><marc:subfield code="c">Uk</marc:subfield></marc:datafield><marc:datafield tag="100" ind1="1" ind2=" "><marc:subfield code="a">ACUÑA DE FIGUEROA, Francisco.</marc:subfield></marc:datafield><marc:datafield tag="240" ind1="1" ind2="0"><marc:subfield code="a">Collections</marc:subfield></marc:datafield><marc:datafield tag="245" ind1="1" ind2="0"><marc:subfield code="a">Obras completas de Francisco Acuña de Figueroa, etc. (Edición revisada y anotada por M. P. Bernárdez.).</marc:subfield></marc:datafield><marc:datafield tag="260" ind1=" " ind2=" "><marc:subfield code="a">Montevideo,</marc:subfield><marc:subfield code="c">1890.</marc:subfield></marc:datafield><marc:datafield tag="300" ind1=" " ind2=" "><marc:subfield code="a">12 tom. ;</marc:subfield><marc:subfield code="c">8º.</marc:subfield></marc:datafield><marc:datafield tag="500" ind1=" " ind2=" "><marc:subfield code="a">Biblioteca Americana tom. 1-12.</marc:subfield></marc:datafield><marc:datafield tag="580" ind1=" " ind2=" "><marc:subfield code="a">Part title: Obras completas de Francisco Acuña de Figueroa, etc. (Edición revisada y anotada por M. P. Bernárdez.) 1. Diario historico del Sitio de Montevideo en los años 1812-13-14. 2 tom.</marc:subfield></marc:datafield><marc:datafield tag="580" ind1=" " ind2=" "><marc:subfield code="a">Part title: Obras completas de Francisco Acuña de Figueroa, etc. (Edición revisada y anotada por M. P. Bernárdez.) 2. Antología epigramática. 2 tom.</marc:subfield></marc:datafield><marc:datafield tag="580" ind1=" " ind2=" "><marc:subfield code="a">Part title: Obras completas de Francisco Acuña de Figueroa, etc. (Edición revisada y anotada por M. P. Bernárdez.) 3. Poesías diversas. 8 tom.</marc:subfield></marc:datafield><marc:datafield tag="700" ind1="1" ind2=" "><marc:subfield code="a">BERNÁRDEZ, Manuel P.</marc:subfield></marc:datafield><marc:datafield tag="787" ind1="0" ind2=" "><marc:subfield code="w">(Uk)MP1.0000015157.0.1</marc:subfield></marc:datafield><marc:datafield tag="787" ind1="0" ind2=" "><marc:subfield code="w">(Uk)MP1.0000015157.0.2</marc:subfield></marc:datafield><marc:datafield tag="787" ind1="0" ind2=" "><marc:subfield code="w">(Uk)MP1.0000015157.0.3</marc:subfield></marc:datafield><marc:datafield tag="852" ind1="4" ind2="1"><marc:subfield code="a">British Library</marc:subfield><marc:subfield code="b">HMNTS</marc:subfield><marc:subfield code="j">11450.g.17.</marc:subfield></marc:datafield><marc:datafield tag="886" ind1="2" ind2=" "><marc:subfield code="2">blmarc</marc:subfield><marc:subfield code="a">709</marc:subfield><marc:subfield code="b">00</marc:subfield><marc:subfield code="a">BERNÁRDEZ</marc:subfield><marc:subfield code="h">Manuel P.</marc:subfield><marc:subfield code="p">11450.g.17.</marc:subfield><marc:subfield code="x">0270020098</marc:subfield></marc:datafield></marc:record>