
<marc:record><marc:leader>00673cam a22001693  4500</marc:leader>
<marc:controlfield tag="001">000012919</marc:controlfield>
<marc:controlfield tag="003">Uk</marc:controlfield><marc:controlfield tag="005">20130501182900.0</marc:controlfield><marc:controlfield tag="008">870814|1889||||enk    ||     ||| ||eng  </marc:controlfield><marc:datafield tag="040" ind1=" " ind2=" "><marc:subfield code="a">Uk</marc:subfield><marc:subfield code="c">Uk</marc:subfield></marc:datafield><marc:datafield tag="100" ind1="1" ind2=" "><marc:subfield code="a">Acworth, W. M.</marc:subfield><marc:subfield code="q">(William Mitchell),</marc:subfield><marc:subfield code="d">1850-1925.</marc:subfield></marc:datafield><marc:datafield tag="245" ind1="1" ind2="4"><marc:subfield code="a">The Railways of England ... With 56 illustrations.</marc:subfield></marc:datafield><marc:datafield tag="260" ind1=" " ind2=" "><marc:subfield code="a">London :</marc:subfield><marc:subfield code="b">John Murray,</marc:subfield><marc:subfield code="c">1889.</marc:subfield></marc:datafield><marc:datafield tag="300" ind1=" " ind2=" "><marc:subfield code="a">xvi, 427 p. ;</marc:subfield><marc:subfield code="c">8º.</marc:subfield></marc:datafield><marc:datafield tag="775" ind1="0" ind2=" "><marc:subfield code="t">[The Railways of England ... With 56 illustrations.]</marc:subfield><marc:subfield code="d">pp. xxiv. 480. John Murray: London, 1900. 8º.</marc:subfield><marc:subfield code="w">(Uk)MP1.0000015227.1</marc:subfield></marc:datafield><marc:datafield tag="787" ind1="0" ind2=" "><marc:subfield code="t">The Railways of England, etc.</marc:subfield><marc:subfield code="d">Ian Allen: London, [1964.] 8º.</marc:subfield><marc:subfield code="w">(Uk)MP1.0000015227.2</marc:subfield></marc:datafield><marc:datafield tag="852" ind1="4" ind2="1"><marc:subfield code="a">British Library</marc:subfield><marc:subfield code="b">HMNTS</marc:subfield><marc:subfield code="j">08235.i.26.</marc:subfield></marc:datafield></marc:record>