
<marc:record><marc:leader>00448cam a22001333  4500</marc:leader>
<marc:controlfield tag="001">000012923</marc:controlfield>
<marc:controlfield tag="003">Uk</marc:controlfield><marc:controlfield tag="005">20120725161900.0</marc:controlfield><marc:controlfield tag="008">870814|1894|||||||    ||     ||| ||eng  </marc:controlfield><marc:datafield tag="040" ind1=" " ind2=" "><marc:subfield code="a">Uk</marc:subfield><marc:subfield code="c">Uk</marc:subfield></marc:datafield><marc:datafield tag="100" ind1="1" ind2=" "><marc:subfield code="a">Acworth, W. M.</marc:subfield><marc:subfield code="q">(William Mitchell),</marc:subfield><marc:subfield code="d">1850-1925.</marc:subfield></marc:datafield><marc:datafield tag="245" ind1="1" ind2="4"><marc:subfield code="a">The State in relation to Railways.</marc:subfield></marc:datafield><marc:datafield tag="580" ind1=" " ind2=" "><marc:subfield code="a">In : Mackay (Thomas) Author of “The English Poor.” A Policy of Free Exchange, etc. 1894. 8º.</marc:subfield></marc:datafield><marc:datafield tag="852" ind1="4" ind2="1"><marc:subfield code="a">British Library</marc:subfield><marc:subfield code="b">HMNTS</marc:subfield><marc:subfield code="j">08225.k.5.</marc:subfield></marc:datafield></marc:record>