
<marc:record><marc:leader>00870cam a2200205   4500</marc:leader>
<marc:controlfield tag="001">000012971</marc:controlfield>
<marc:controlfield tag="003">Uk</marc:controlfield><marc:controlfield tag="005">20100511182412.0</marc:controlfield><marc:controlfield tag="008">870814s1847    enka          000 1 eng  </marc:controlfield><marc:datafield tag="040" ind1=" " ind2=" "><marc:subfield code="a">Uk</marc:subfield><marc:subfield code="b">eng</marc:subfield><marc:subfield code="c">Uk</marc:subfield></marc:datafield><marc:datafield tag="100" ind1="1" ind2=" "><marc:subfield code="a">Rymer, James Malcolm,</marc:subfield><marc:subfield code="d">approximately 1814-1884.</marc:subfield></marc:datafield><marc:datafield tag="245" ind1="1" ind2="0"><marc:subfield code="a">Ada, the betrayed;</marc:subfield><marc:subfield code="b">or, The Murder at the old smithy. A romance of passion.</marc:subfield></marc:datafield><marc:datafield tag="260" ind1=" " ind2=" "><marc:subfield code="a">London :</marc:subfield><marc:subfield code="b">E. Lloyd ,</marc:subfield><marc:subfield code="c">[1847].</marc:subfield></marc:datafield><marc:datafield tag="300" ind1=" " ind2=" "><marc:subfield code="a">444 p. :</marc:subfield><marc:subfield code="b">ill. ;</marc:subfield><marc:subfield code="c">21 cm.</marc:subfield></marc:datafield><marc:datafield tag="500" ind1=" " ind2=" "><marc:subfield code="a">Published in fifty-six parts.</marc:subfield></marc:datafield><marc:datafield tag="500" ind1=" " ind2=" "><marc:subfield code="a">Originally published, without illustrations, in Lloyd's Penny Weekly Miscellany in 1843.</marc:subfield></marc:datafield><marc:datafield tag="500" ind1=" " ind2=" "><marc:subfield code="a">Attributed to J. M. Rymer.</marc:subfield></marc:datafield><marc:datafield tag="510" ind1="4" ind2=" "><marc:subfield code="a">Smith, Helen R., &quot;New Light on Sweeney Todd, Thomas Peckett Prest, James Malcolm Rymer and Elizabeth Caroline Grey&quot; (Jarndyce, 2002) ;</marc:subfield><marc:subfield code="c">p. 32</marc:subfield></marc:datafield><marc:datafield tag="650" ind1=" " ind2="0"><marc:subfield code="a">English fiction</marc:subfield><marc:subfield code="y">19th century</marc:subfield></marc:datafield><marc:datafield tag="852" ind1="4" ind2="1"><marc:subfield code="a">British Library</marc:subfield><marc:subfield code="b">HMNTS</marc:subfield><marc:subfield code="j">C.140.e.11.(2.)</marc:subfield></marc:datafield></marc:record>