
<marc:record><marc:leader>00950cam a22001813  4500</marc:leader>
<marc:controlfield tag="001">000013116</marc:controlfield>
<marc:controlfield tag="003">Uk</marc:controlfield><marc:controlfield tag="005">20111222151700.0</marc:controlfield><marc:controlfield tag="008">870814|1824|||||||    ||     ||| |||||  </marc:controlfield><marc:datafield tag="040" ind1=" " ind2=" "><marc:subfield code="a">Uk</marc:subfield><marc:subfield code="c">Uk</marc:subfield></marc:datafield><marc:datafield tag="100" ind1="1" ind2=" "><marc:subfield code="a">ADAIR, James,</marc:subfield><marc:subfield code="c">pseud. [i.e. Sir Richard Phillips.]</marc:subfield></marc:datafield><marc:datafield tag="245" ind1="1" ind2="0"><marc:subfield code="a">Five hundred Questions and Exercises on Murray's Abridgement and Murray's English Grammar; also on Irving's Elements of English Composition, etc.</marc:subfield></marc:datafield><marc:datafield tag="260" ind1=" " ind2=" "><marc:subfield code="a">London :</marc:subfield><marc:subfield code="b">G. &amp; W. B. Whittaker,</marc:subfield><marc:subfield code="c">1824.</marc:subfield></marc:datafield><marc:datafield tag="300" ind1=" " ind2=" "><marc:subfield code="a">72 p. ;</marc:subfield><marc:subfield code="c">12º.</marc:subfield></marc:datafield><marc:datafield tag="700" ind1="1" ind2=" "><marc:subfield code="a">MURRAY, Lindley.</marc:subfield><marc:subfield code="t">[English Grammar.]</marc:subfield></marc:datafield><marc:datafield tag="775" ind1="0" ind2=" "><marc:subfield code="t">[Five hundred Questions and Exercises on Murray's Abridgement and Murray's English Grammar; also on Irving's Elements of English Composition, etc.]</marc:subfield><marc:subfield code="d">pp. 72. Sir R. Phillips &amp; Co.: London, 1826. 12º.</marc:subfield><marc:subfield code="w">(Uk)MP1.0000015474.1</marc:subfield></marc:datafield><marc:datafield tag="852" ind1="4" ind2="1"><marc:subfield code="a">British Library</marc:subfield><marc:subfield code="b">HMNTS</marc:subfield><marc:subfield code="j">12984.de.6.</marc:subfield></marc:datafield><marc:datafield tag="886" ind1="2" ind2=" "><marc:subfield code="2">blmarc</marc:subfield><marc:subfield code="a">709</marc:subfield><marc:subfield code="b">00</marc:subfield><marc:subfield code="a">MURRAY</marc:subfield><marc:subfield code="h">Lindley</marc:subfield><marc:subfield code="t">[English Grammar.]</marc:subfield><marc:subfield code="p">12984.de.6.</marc:subfield><marc:subfield code="x">2303990009</marc:subfield><marc:subfield code="p">12985.aa.33.(2.)</marc:subfield><marc:subfield code="x">2303990009</marc:subfield></marc:datafield></marc:record>