
<marc:record><marc:leader>01335cam a22002053  4500</marc:leader>
<marc:controlfield tag="001">000013118</marc:controlfield>
<marc:controlfield tag="003">Uk</marc:controlfield><marc:controlfield tag="005">20050706154554.0</marc:controlfield><marc:controlfield tag="008">870814|1811|||||||    ||     ||| |||||  </marc:controlfield><marc:datafield tag="040" ind1=" " ind2=" "><marc:subfield code="a">Uk</marc:subfield><marc:subfield code="c">Uk</marc:subfield></marc:datafield><marc:datafield tag="100" ind1="1" ind2=" "><marc:subfield code="a">ADAIR, James,</marc:subfield><marc:subfield code="c">pseud. [i.e. Sir Richard Phillips.]</marc:subfield></marc:datafield><marc:datafield tag="245" ind1="1" ind2="0"><marc:subfield code="a">Five hundred Questions deduced from Goldsmith's History of England ... by J. Adair.</marc:subfield></marc:datafield><marc:datafield tag="260" ind1=" " ind2=" "><marc:subfield code="a">London :</marc:subfield><marc:subfield code="b">R. Phillips,</marc:subfield><marc:subfield code="c">[1811]</marc:subfield></marc:datafield><marc:datafield tag="300" ind1=" " ind2=" "><marc:subfield code="a">72 p. ;</marc:subfield><marc:subfield code="c">12º.</marc:subfield></marc:datafield><marc:datafield tag="700" ind1="1" ind2=" "><marc:subfield code="a">Goldsmith, Oliver,</marc:subfield><marc:subfield code="d">1730?-1774</marc:subfield><marc:subfield code="t">The History of England from the Earliest Times to the Death of George II. Appendix.</marc:subfield></marc:datafield><marc:datafield tag="775" ind1="0" ind2=" "><marc:subfield code="t">[Five hundred Questions deduced from Goldsmith's History of England ... by J. Adair.]</marc:subfield><marc:subfield code="d">pp. 72. Sherwood, Gilbert &amp; Piper: London, 1815. 12º.</marc:subfield><marc:subfield code="w">(Uk)MP1.0000015475.1</marc:subfield></marc:datafield><marc:datafield tag="775" ind1="0" ind2=" "><marc:subfield code="t">[Five hundred Questions deduced from Goldsmith's History of England ... by J. Adair.]</marc:subfield><marc:subfield code="d">pp. 72. Richard Phillips: London, 1818. 12º.</marc:subfield><marc:subfield code="w">(Uk)MP1.0000015475.2</marc:subfield></marc:datafield><marc:datafield tag="775" ind1="0" ind2=" "><marc:subfield code="t">[Five hundred Questions deduced from Goldsmith's History of England ... by J. Adair.]</marc:subfield><marc:subfield code="d">pp. 72. Whittaker &amp; Co.: London, [1838.] 12º.</marc:subfield><marc:subfield code="w">(Uk)MP1.0000015475.3</marc:subfield></marc:datafield><marc:datafield tag="852" ind1="4" ind2="1"><marc:subfield code="a">British Library</marc:subfield><marc:subfield code="b">HMNTS</marc:subfield><marc:subfield code="j">9503.b.9.</marc:subfield></marc:datafield><marc:datafield tag="886" ind1="2" ind2=" "><marc:subfield code="2">blmarc</marc:subfield><marc:subfield code="a">709</marc:subfield><marc:subfield code="b">00</marc:subfield><marc:subfield code="a">GOLDSMITH</marc:subfield><marc:subfield code="h">Oliver</marc:subfield><marc:subfield code="f">the Poet</marc:subfield><marc:subfield code="t">The History of England from the Earliest Times to the Death of George II</marc:subfield><marc:subfield code="t">Appendix</marc:subfield><marc:subfield code="p">9503.b.10.</marc:subfield><marc:subfield code="x">1274460018</marc:subfield><marc:subfield code="p">9503.b.9.</marc:subfield><marc:subfield code="x">1274460018</marc:subfield><marc:subfield code="p">9504.aaa.3.</marc:subfield><marc:subfield code="x">1274460018</marc:subfield></marc:datafield></marc:record>