
<marc:record><marc:leader>01071cam a22001933  4500</marc:leader>
<marc:controlfield tag="001">000013149</marc:controlfield>
<marc:controlfield tag="003">Uk</marc:controlfield><marc:controlfield tag="005">20130520180000.0</marc:controlfield><marc:controlfield tag="008">980407|1821||||enk    ||     ||| |||||  </marc:controlfield><marc:datafield tag="040" ind1=" " ind2=" "><marc:subfield code="a">Uk</marc:subfield><marc:subfield code="c">Uk</marc:subfield></marc:datafield><marc:datafield tag="100" ind1="1" ind2=" "><marc:subfield code="a">RENNELL, Thomas,</marc:subfield><marc:subfield code="c">Prebendary of Salisbury.</marc:subfield></marc:datafield><marc:datafield tag="245" ind1="1" ind2="2"><marc:subfield code="a">A Reply to the Charges of Robert Adair Esq. against the Bishop of Winchester, in consequence of a passage contained in his Lordship's Memoirs of the Right Hon. W. Pitt.</marc:subfield></marc:datafield><marc:datafield tag="260" ind1=" " ind2=" "><marc:subfield code="a">London :</marc:subfield><marc:subfield code="b">F. C. &amp; J. Rivington,</marc:subfield><marc:subfield code="c">1821.</marc:subfield></marc:datafield><marc:datafield tag="300" ind1=" " ind2=" "><marc:subfield code="a">55 p. ;</marc:subfield><marc:subfield code="c">8º.</marc:subfield></marc:datafield><marc:datafield tag="700" ind1="1" ind2=" "><marc:subfield code="a">ADAIR, Robert,</marc:subfield><marc:subfield code="c">Right Hon. Sir.</marc:subfield><marc:subfield code="t">[Two letters ... to the Bishop of Winchester, etc.]</marc:subfield></marc:datafield><marc:datafield tag="700" ind1="1" ind2=" "><marc:subfield code="a">Pitt, William,</marc:subfield><marc:subfield code="d">1759-1806</marc:subfield><marc:subfield code="t">Appendix.</marc:subfield></marc:datafield><marc:datafield tag="700" ind1="1" ind2=" "><marc:subfield code="a">PRETYMAN, afterwards TOMLINE, George,</marc:subfield><marc:subfield code="c">successively Bishop of Lincoln and of Winchester.</marc:subfield><marc:subfield code="t">Memoirs of the life of the Right Hon. William Pitt.</marc:subfield></marc:datafield><marc:datafield tag="852" ind1="4" ind2="1"><marc:subfield code="a">British Library</marc:subfield><marc:subfield code="b">HMNTS</marc:subfield><marc:subfield code="j">T.1166.(7.)</marc:subfield></marc:datafield><marc:datafield tag="886" ind1="2" ind2=" "><marc:subfield code="2">blmarc</marc:subfield><marc:subfield code="a">709</marc:subfield><marc:subfield code="b">00</marc:subfield><marc:subfield code="a">PRETYMAN, afterwards TOMLINE</marc:subfield><marc:subfield code="h">George</marc:subfield><marc:subfield code="f">successively Bishop of Lincoln and of Winchester</marc:subfield><marc:subfield code="t">Memoirs of the life of the Right Hon. William Pitt.</marc:subfield><marc:subfield code="p">T.1166.(7.)</marc:subfield><marc:subfield code="x">2652270222</marc:subfield><marc:subfield code="x">3661760130</marc:subfield></marc:datafield></marc:record>