
<marc:record><marc:leader>00647cam a22001453  4500</marc:leader>
<marc:controlfield tag="001">000013176</marc:controlfield>
<marc:controlfield tag="003">Uk</marc:controlfield><marc:controlfield tag="005">20130611183900.0</marc:controlfield><marc:controlfield tag="008">870814|1814|||||||    ||     ||| |||||  </marc:controlfield><marc:datafield tag="040" ind1=" " ind2=" "><marc:subfield code="a">Uk</marc:subfield><marc:subfield code="c">Uk</marc:subfield></marc:datafield><marc:datafield tag="100" ind1="1" ind2=" "><marc:subfield code="a">ADAIR, William</marc:subfield><marc:subfield code="c">(Barrister-at-Law)</marc:subfield></marc:datafield><marc:datafield tag="245" ind1="1" ind2="3"><marc:subfield code="a">An Essay on the Construction of Penal Statutes, with incidental observations on the Act 30 Geo. 2, c. 24, commonly called Sir J. Fielding's Act, in reference to a determination on that Statute of the Sessions of General Gaol Delivery of Great Yarmouth, Sept. 1813, etc.</marc:subfield></marc:datafield><marc:datafield tag="260" ind1=" " ind2=" "><marc:subfield code="a">Norwich :</marc:subfield><marc:subfield code="b">Stevenson &amp; Co.,</marc:subfield><marc:subfield code="c">1814.</marc:subfield></marc:datafield><marc:datafield tag="300" ind1=" " ind2=" "><marc:subfield code="a">iv, 48 p. ;</marc:subfield><marc:subfield code="c">8º.</marc:subfield></marc:datafield><marc:datafield tag="852" ind1="4" ind2="1"><marc:subfield code="a">British Library</marc:subfield><marc:subfield code="b">HMNTS</marc:subfield><marc:subfield code="j">D-6146.d.23.(1.)</marc:subfield></marc:datafield></marc:record>