
<marc:record><marc:leader>00827cam a22001813  4500</marc:leader>
<marc:controlfield tag="001">000013195</marc:controlfield>
<marc:controlfield tag="003">Uk</marc:controlfield><marc:controlfield tag="005">20120224170000.0</marc:controlfield><marc:controlfield tag="008">990716|1856|||||||    ||    |||| |||||  </marc:controlfield><marc:datafield tag="040" ind1=" " ind2=" "><marc:subfield code="a">Uk</marc:subfield><marc:subfield code="c">Uk</marc:subfield></marc:datafield><marc:datafield tag="245" ind1="1" ind2="0"><marc:subfield code="a">[Vita B. Adalberonis.-De signis &amp; miraculis B. Adalberonis.]</marc:subfield></marc:datafield><marc:datafield tag="250" ind1=" " ind2=" "><marc:subfield code="a">[Another edition.] Edidit D. W. Wattenbach.</marc:subfield></marc:datafield><marc:datafield tag="260" ind1=" " ind2=" "><marc:subfield code="c">1856.</marc:subfield></marc:datafield><marc:datafield tag="580" ind1=" " ind2=" "><marc:subfield code="a">In: Pertz (G. H.) Monumenta Germaniæ Historica, etc. tom. 14. 1826, etc. fol.</marc:subfield></marc:datafield><marc:datafield tag="720" ind1=" " ind2=" "><marc:subfield code="a">ADALBERO, Bishop of Wurzburg</marc:subfield><marc:subfield code="e">main entry</marc:subfield></marc:datafield><marc:datafield tag="787" ind1="0" ind2=" "><marc:subfield code="t">Vita B. Adalberonis.-De signis &amp; miraculis B. Adalberonis.</marc:subfield><marc:subfield code="n">In Joannes, Abbot of the Monastery of Lambach. Vitae et miracula SS. Adalberonis ... Altmanni, etc. 1619. 12º.</marc:subfield><marc:subfield code="w">(Uk)MP1.0000015551</marc:subfield></marc:datafield><marc:datafield tag="852" ind1="4" ind2="1"><marc:subfield code="a">British Library</marc:subfield><marc:subfield code="b">HMNTS</marc:subfield><marc:subfield code="j">HLL943 (MG-S5)</marc:subfield></marc:datafield><marc:datafield tag="852" ind1="4" ind2="1"><marc:subfield code="a">British Library</marc:subfield><marc:subfield code="b">HMNTS</marc:subfield><marc:subfield code="j">Circ.36.b.(9.)</marc:subfield><marc:subfield code="3">Superseded by HLL943 (MG-S5)</marc:subfield></marc:datafield></marc:record>