
<marc:record><marc:leader>01721cam a22002293  4500</marc:leader>
<marc:controlfield tag="001">000013245</marc:controlfield>
<marc:controlfield tag="003">Uk</marc:controlfield><marc:controlfield tag="005">20120120152500.0</marc:controlfield><marc:controlfield tag="008">870814|1854|||||||    ||    |||| |||||  </marc:controlfield><marc:datafield tag="040" ind1=" " ind2=" "><marc:subfield code="a">Uk</marc:subfield><marc:subfield code="c">Uk</marc:subfield></marc:datafield><marc:datafield tag="245" ind1="1" ind2="0"><marc:subfield code="a">Adam. Drame anglo-normand du XIIe siècle; publié pour la première fois d'après un manuscrit de la Bibliothèque de Tours, par V. Luzarche.</marc:subfield></marc:datafield><marc:datafield tag="260" ind1=" " ind2=" "><marc:subfield code="a">Tours,</marc:subfield><marc:subfield code="c">1854.</marc:subfield></marc:datafield><marc:datafield tag="300" ind1=" " ind2=" "><marc:subfield code="a">lxxiv, 101 p. ;</marc:subfield><marc:subfield code="c">8º.</marc:subfield></marc:datafield><marc:datafield tag="700" ind1="1" ind2=" "><marc:subfield code="a">LUZARCHE, Victor.</marc:subfield></marc:datafield><marc:datafield tag="720" ind1=" " ind2=" "><marc:subfield code="a">ADAM</marc:subfield><marc:subfield code="e">main entry</marc:subfield></marc:datafield><marc:datafield tag="775" ind1="0" ind2=" "><marc:subfield code="t">[Adam. Drame anglo-normand du XIIe siècle; publié pour la première fois d'après un manuscrit de la Bibliothèque de Tours, par V. Luzarche.]</marc:subfield><marc:subfield code="d">pp. xii. 187. Paris, 1877. 4º.</marc:subfield><marc:subfield code="w">(Uk)MP1.0000015632.1</marc:subfield></marc:datafield><marc:datafield tag="775" ind1="0" ind2=" "><marc:subfield code="t">[Adam. Drame anglo-normand du XIIe siècle; publié pour la première fois d'après un manuscrit de la Bibliothèque de Tours, par V. Luzarche.]</marc:subfield><marc:subfield code="d">pp. viii. 173. Halle, 1891. 8º.</marc:subfield><marc:subfield code="w">(Uk)MP1.0000015632.2</marc:subfield></marc:datafield><marc:datafield tag="775" ind1="0" ind2=" "><marc:subfield code="t">[Adam. Drame anglo-normand du XIIe siècle; publié pour la première fois d'après un manuscrit de la Bibliothèque de Tours, par V. Luzarche.]</marc:subfield><marc:subfield code="d">pp. lxix. 94. Halle, 1907. 8º.</marc:subfield><marc:subfield code="w">(Uk)MP1.0000015632.3</marc:subfield></marc:datafield><marc:datafield tag="775" ind1="0" ind2=" "><marc:subfield code="t">[Adam. Drame anglo-normand du XIIe siècle; publié pour la première fois d'après un manuscrit de la Bibliothèque de Tours, par V. Luzarche.]</marc:subfield><marc:subfield code="d">pp. lviii. 80. 1918. 8º. University Press: Manchester, 1918. 8º.</marc:subfield><marc:subfield code="w">(Uk)MP1.0000015632.4</marc:subfield></marc:datafield><marc:datafield tag="775" ind1="0" ind2=" "><marc:subfield code="t">[Adam. Drame anglo-normand du XIIe siècle; publié pour la première fois d'après un manuscrit de la Bibliothèque de Tours, par V. Luzarche.]</marc:subfield><marc:subfield code="d">Seattle, 1926. 8º.</marc:subfield><marc:subfield code="w">(Uk)MP1.0000015632.5</marc:subfield></marc:datafield><marc:datafield tag="852" ind1="4" ind2="1"><marc:subfield code="a">British Library</marc:subfield><marc:subfield code="b">HMNTS</marc:subfield><marc:subfield code="j">11735.g.4.</marc:subfield></marc:datafield><marc:datafield tag="886" ind1="2" ind2=" "><marc:subfield code="2">blmarc</marc:subfield><marc:subfield code="a">709</marc:subfield><marc:subfield code="b">00</marc:subfield><marc:subfield code="a">LUZARCHE</marc:subfield><marc:subfield code="h">Victor</marc:subfield><marc:subfield code="p">11735.g.4.</marc:subfield><marc:subfield code="x">2032870029</marc:subfield></marc:datafield></marc:record>