
<marc:record><marc:leader>00943cam a22001933  4500</marc:leader>
<marc:controlfield tag="001">000013246</marc:controlfield>
<marc:controlfield tag="003">Uk</marc:controlfield><marc:controlfield tag="005">20120120152500.0</marc:controlfield><marc:controlfield tag="008">870814|1877|||||||    ||    |||| |||||  </marc:controlfield><marc:datafield tag="040" ind1=" " ind2=" "><marc:subfield code="a">Uk</marc:subfield><marc:subfield code="c">Uk</marc:subfield></marc:datafield><marc:datafield tag="245" ind1="1" ind2="0"><marc:subfield code="a">[Adam. Drame anglo-normand du XIIe siècle; publié pour la première fois d'après un manuscrit de la Bibliothèque de Tours, par V. Luzarche.]</marc:subfield></marc:datafield><marc:datafield tag="250" ind1=" " ind2=" "><marc:subfield code="a">[Another edition.] Adam. Mystère du XIIe siècle. Texte critique, accompagné d'une traduction par L. Palustre.</marc:subfield></marc:datafield><marc:datafield tag="260" ind1=" " ind2=" "><marc:subfield code="a">Paris,</marc:subfield><marc:subfield code="c">1877.</marc:subfield></marc:datafield><marc:datafield tag="300" ind1=" " ind2=" "><marc:subfield code="a">xii, 187 p. ;</marc:subfield><marc:subfield code="c">4º.</marc:subfield></marc:datafield><marc:datafield tag="700" ind1="1" ind2=" "><marc:subfield code="a">PALUSTRE, Léon.</marc:subfield></marc:datafield><marc:datafield tag="720" ind1=" " ind2=" "><marc:subfield code="a">ADAM</marc:subfield><marc:subfield code="e">main entry</marc:subfield></marc:datafield><marc:datafield tag="787" ind1="0" ind2=" "><marc:subfield code="t">Adam. Drame anglo-normand du XIIe siècle; publié pour la première fois d'après un manuscrit de la Bibliothèque de Tours, par V. Luzarche.</marc:subfield><marc:subfield code="d">pp. lxxiv. 101. Tours, 1854. 8º.</marc:subfield><marc:subfield code="w">(Uk)MP1.0000015632</marc:subfield></marc:datafield><marc:datafield tag="852" ind1="4" ind2="1"><marc:subfield code="a">British Library</marc:subfield><marc:subfield code="b">HMNTS</marc:subfield><marc:subfield code="j">11474.c.3.</marc:subfield></marc:datafield><marc:datafield tag="886" ind1="2" ind2=" "><marc:subfield code="2">blmarc</marc:subfield><marc:subfield code="a">709</marc:subfield><marc:subfield code="b">00</marc:subfield><marc:subfield code="a">PALUSTRE</marc:subfield><marc:subfield code="h">Léon</marc:subfield><marc:subfield code="p">11474.c.3.</marc:subfield><marc:subfield code="x">2460990286</marc:subfield></marc:datafield></marc:record>