
<marc:record><marc:leader>00726cam a22001693  4500</marc:leader>
<marc:controlfield tag="001">000013276</marc:controlfield>
<marc:controlfield tag="003">Uk</marc:controlfield><marc:controlfield tag="005">20120224170000.0</marc:controlfield><marc:controlfield tag="008">870814|1881|||||||    ||    |||| |||||  </marc:controlfield><marc:datafield tag="040" ind1=" " ind2=" "><marc:subfield code="a">Uk</marc:subfield><marc:subfield code="c">Uk</marc:subfield></marc:datafield><marc:datafield tag="245" ind1="1" ind2="0"><marc:subfield code="a">Der Kampf Adams gegen die Versuchungen des Satans, oder: das christliche Adambuch des Morgenlandes. Aethiopischer Text, verglichen mit dem arabischen Originaltext, herausgegeben von Ernst Trumpp.</marc:subfield></marc:datafield><marc:datafield tag="260" ind1=" " ind2=" "><marc:subfield code="c">1881.</marc:subfield></marc:datafield><marc:datafield tag="580" ind1=" " ind2=" "><marc:subfield code="a">In : Munich.-Königliche Akademie der Wissenschaften. Abhandlungen, etc. (Philos.-philol. Classe. Bd. 15.) 1832, etc. 4º.</marc:subfield></marc:datafield><marc:datafield tag="700" ind1="1" ind2=" "><marc:subfield code="a">TRUMPP, Ernst.</marc:subfield></marc:datafield><marc:datafield tag="720" ind1=" " ind2=" "><marc:subfield code="a">ADAM</marc:subfield><marc:subfield code="e">main entry</marc:subfield></marc:datafield><marc:datafield tag="852" ind1="4" ind2="1"><marc:subfield code="a">British Library</marc:subfield><marc:subfield code="b">HMNTS</marc:subfield><marc:subfield code="j">Ac.713/6.</marc:subfield></marc:datafield><marc:datafield tag="886" ind1="2" ind2=" "><marc:subfield code="2">blmarc</marc:subfield><marc:subfield code="a">709</marc:subfield><marc:subfield code="b">00</marc:subfield><marc:subfield code="a">TRUMPP</marc:subfield><marc:subfield code="h">Ernst</marc:subfield><marc:subfield code="p">Ac.713/6.</marc:subfield><marc:subfield code="x">3301490255</marc:subfield></marc:datafield></marc:record>