
<marc:record><marc:leader>01044cam a22001933  4500</marc:leader>
<marc:controlfield tag="001">000013284</marc:controlfield>
<marc:controlfield tag="003">Uk</marc:controlfield><marc:controlfield tag="005">20130219175500.0</marc:controlfield><marc:controlfield tag="008">981007|1814|||||||    ||    |||| |||||  </marc:controlfield><marc:datafield tag="040" ind1=" " ind2=" "><marc:subfield code="a">Uk</marc:subfield><marc:subfield code="c">Uk</marc:subfield></marc:datafield><marc:datafield tag="245" ind1="1" ind2="0"><marc:subfield code="a">Dialogues between a Pilgrim, Adam, Noah, &amp; Simon Cleophas, containing the history of the Bible and of the Jews till the final destruction of the Temple. [With plates.]</marc:subfield></marc:datafield><marc:datafield tag="260" ind1=" " ind2=" "><marc:subfield code="a">Leeds :</marc:subfield><marc:subfield code="b">printed by Davies and Booth,</marc:subfield><marc:subfield code="c">1814.</marc:subfield></marc:datafield><marc:datafield tag="300" ind1=" " ind2=" "><marc:subfield code="a">vi, 337, 30, 11 p., [4] leaves of plates ;</marc:subfield><marc:subfield code="c">21 cm. (8º)</marc:subfield></marc:datafield><marc:datafield tag="500" ind1=" " ind2=" "><marc:subfield code="a">Published in twelve parts. With an engraved titlepage.</marc:subfield></marc:datafield><marc:datafield tag="500" ind1=" " ind2=" "><marc:subfield code="a">Imperfect; wanting a plate. Pp. 49-50 mutilated.</marc:subfield></marc:datafield><marc:datafield tag="500" ind1=" " ind2=" "><marc:subfield code="a">Published in twelve parts. The titlepage is engraved.</marc:subfield></marc:datafield><marc:datafield tag="720" ind1=" " ind2=" "><marc:subfield code="a">ADAM</marc:subfield><marc:subfield code="e">main entry</marc:subfield></marc:datafield><marc:datafield tag="775" ind1="0" ind2=" "><marc:subfield code="t">[Dialogues between a Pilgrim, Adam, Noah, &amp; Simon Cleophas, containing the history of the Bible and of the Jews till the final destruction of the Temple. [With plates.]]</marc:subfield><marc:subfield code="d">pp. vi. 337.30.11. Davies &amp; Booth: Leeds, [1815?] 8º.</marc:subfield><marc:subfield code="w">(Uk)MP1.0000015666.1</marc:subfield></marc:datafield><marc:datafield tag="852" ind1="4" ind2="1"><marc:subfield code="a">British Library</marc:subfield><marc:subfield code="b">HMNTS</marc:subfield><marc:subfield code="j">RB.23.a.17435.</marc:subfield></marc:datafield></marc:record>