
<marc:record><marc:leader>00864cam a22001693  4500</marc:leader>
<marc:controlfield tag="001">000013285</marc:controlfield>
<marc:controlfield tag="003">Uk</marc:controlfield><marc:controlfield tag="005">20110119132400.0</marc:controlfield><marc:controlfield tag="008">981007|1815|||||||    ||    |||| |||||  </marc:controlfield><marc:datafield tag="040" ind1=" " ind2=" "><marc:subfield code="a">Uk</marc:subfield><marc:subfield code="c">Uk</marc:subfield></marc:datafield><marc:datafield tag="245" ind1="1" ind2="0"><marc:subfield code="a">[Dialogues between a Pilgrim, Adam, Noah, &amp; Simon Cleophas, containing the history of the Bible and of the Jews till the final destruction of the Temple. [With plates.]]</marc:subfield></marc:datafield><marc:datafield tag="250" ind1=" " ind2=" "><marc:subfield code="a">[Another edition.]</marc:subfield></marc:datafield><marc:datafield tag="260" ind1=" " ind2=" "><marc:subfield code="a">pp. vi. 337.30.11. Davies &amp; Booth: Leeds, [1815?]</marc:subfield></marc:datafield><marc:datafield tag="300" ind1=" " ind2=" "><marc:subfield code="a">8º.</marc:subfield></marc:datafield><marc:datafield tag="720" ind1=" " ind2=" "><marc:subfield code="a">ADAM</marc:subfield><marc:subfield code="e">main entry</marc:subfield></marc:datafield><marc:datafield tag="787" ind1="0" ind2=" "><marc:subfield code="t">Dialogues between a Pilgrim, Adam, Noah, &amp; Simon Cleophas, containing the history of the Bible and of the Jews till the final destruction of the Temple. [With plates.]</marc:subfield><marc:subfield code="d">Leeds: printed by Davies and Booth, 1814. pp. vi, 337, 30, 11, [4] leaves of plates. (8º); 21 cm.</marc:subfield><marc:subfield code="w">(Uk)MP1.0000015666</marc:subfield></marc:datafield><marc:datafield tag="852" ind1="4" ind2="1"><marc:subfield code="a">British Library</marc:subfield><marc:subfield code="b">HMNTS</marc:subfield><marc:subfield code="j">1509/1220.</marc:subfield></marc:datafield></marc:record>