
<marc:record><marc:leader>00561cam a22001693  4500</marc:leader>
<marc:controlfield tag="001">000013300</marc:controlfield>
<marc:controlfield tag="003">Uk</marc:controlfield><marc:controlfield tag="005">20091203133923.0</marc:controlfield><marc:controlfield tag="008">870814|1800|||||||    ||    |||| |||||  </marc:controlfield><marc:datafield tag="040" ind1=" " ind2=" "><marc:subfield code="a">Uk</marc:subfield><marc:subfield code="c">Uk</marc:subfield></marc:datafield><marc:datafield tag="245" ind1="0" ind2="0"><marc:subfield code="a">Schönes Bayrisches Braut- und Hochzeit-Lied, bey der Copulation Adams und Eva. Alles nach Bayrischer Mund-Art ... auszusprechen.</marc:subfield></marc:datafield><marc:datafield tag="260" ind1=" " ind2=" "><marc:subfield code="a">[Munich?,</marc:subfield><marc:subfield code="c">1800?]</marc:subfield></marc:datafield><marc:datafield tag="300" ind1=" " ind2=" "><marc:subfield code="c">8º.</marc:subfield></marc:datafield><marc:datafield tag="600" ind1="0" ind2="0"><marc:subfield code="a">Adam</marc:subfield><marc:subfield code="c">(Biblical figure)</marc:subfield></marc:datafield><marc:datafield tag="600" ind1="0" ind2="0"><marc:subfield code="a">Eve</marc:subfield><marc:subfield code="c">(Biblical figure)</marc:subfield></marc:datafield><marc:datafield tag="852" ind1="4" ind2="1"><marc:subfield code="a">British Library</marc:subfield><marc:subfield code="b">HMNTS</marc:subfield><marc:subfield code="j">1347.a.94.</marc:subfield></marc:datafield><marc:datafield tag="886" ind1="2" ind2=" "><marc:subfield code="2">blmarc</marc:subfield><marc:subfield code="a">709</marc:subfield><marc:subfield code="b">00</marc:subfield><marc:subfield code="a">EVE</marc:subfield><marc:subfield code="p">1347.a.94.</marc:subfield><marc:subfield code="x">1040990169</marc:subfield></marc:datafield></marc:record>