
<marc:record><marc:leader>00641cam a22001693  4500</marc:leader>
<marc:controlfield tag="001">000013304</marc:controlfield>
<marc:controlfield tag="003">Uk</marc:controlfield><marc:controlfield tag="005">20120224170000.0</marc:controlfield><marc:controlfield tag="008">870814|1878|||||||    ||    |||| |||||  </marc:controlfield><marc:datafield tag="040" ind1=" " ind2=" "><marc:subfield code="a">Uk</marc:subfield><marc:subfield code="c">Uk</marc:subfield></marc:datafield><marc:datafield tag="245" ind1="1" ind2="0"><marc:subfield code="a">Vita Adae und Evae. Herausgegeben und erläutert von Wilhelm Meyer. [With the text.]</marc:subfield></marc:datafield><marc:datafield tag="260" ind1=" " ind2=" "><marc:subfield code="c">1878.</marc:subfield></marc:datafield><marc:datafield tag="580" ind1=" " ind2=" "><marc:subfield code="a">In : Munich.-Königliche Akademie der Wissenschaften. Abhandlungen, etc. (Philos.-philol. Classe. Bd. 14.) 1832, etc. 4º.</marc:subfield></marc:datafield><marc:datafield tag="700" ind1="1" ind2=" "><marc:subfield code="a">MEYER, Wilhelm,</marc:subfield><marc:subfield code="c">of Spires.</marc:subfield></marc:datafield><marc:datafield tag="720" ind1=" " ind2=" "><marc:subfield code="a">ADAM</marc:subfield><marc:subfield code="e">main entry</marc:subfield></marc:datafield><marc:datafield tag="852" ind1="4" ind2="1"><marc:subfield code="a">British Library</marc:subfield><marc:subfield code="b">HMNTS</marc:subfield><marc:subfield code="j">Ac.713/6.</marc:subfield></marc:datafield><marc:datafield tag="886" ind1="2" ind2=" "><marc:subfield code="2">blmarc</marc:subfield><marc:subfield code="a">709</marc:subfield><marc:subfield code="b">00</marc:subfield><marc:subfield code="a">MEYER</marc:subfield><marc:subfield code="h">Wilhelm</marc:subfield><marc:subfield code="f">of Spires</marc:subfield><marc:subfield code="p">Ac.713/6.</marc:subfield><marc:subfield code="x">2201980152</marc:subfield></marc:datafield></marc:record>