
<marc:record><marc:leader>00758cam a22001933  4500</marc:leader>
<marc:controlfield tag="001">000013309</marc:controlfield>
<marc:controlfield tag="003">Uk</marc:controlfield><marc:controlfield tag="005">20130205171100.0</marc:controlfield><marc:controlfield tag="008">870814|1872|||||||    ||    |||| |||||  </marc:controlfield><marc:datafield tag="040" ind1=" " ind2=" "><marc:subfield code="a">Uk</marc:subfield><marc:subfield code="c">Uk</marc:subfield></marc:datafield><marc:datafield tag="245" ind1="1" ind2="0"><marc:subfield code="a">Œuvres complètes ... poésies et musique, publiées ... par E. de Coussemaker.</marc:subfield></marc:datafield><marc:datafield tag="260" ind1=" " ind2=" "><marc:subfield code="a">Paris,</marc:subfield><marc:subfield code="c">1872.</marc:subfield></marc:datafield><marc:datafield tag="300" ind1=" " ind2=" "><marc:subfield code="a">xi, 440 p. ;</marc:subfield><marc:subfield code="c">8º.</marc:subfield></marc:datafield><marc:datafield tag="500" ind1=" " ind2=" "><marc:subfield code="a">Imperfect; wanting sheet 22.</marc:subfield></marc:datafield><marc:datafield tag="700" ind1="1" ind2=" "><marc:subfield code="a">COUSSEMAKER, Charles Edmond Henri de.</marc:subfield></marc:datafield><marc:datafield tag="720" ind1=" " ind2=" "><marc:subfield code="a">Adam,</marc:subfield><marc:subfield code="c">de La Halle,</marc:subfield><marc:subfield code="d">ca. 1235-ca. 1288.</marc:subfield><marc:subfield code="e">main entry</marc:subfield></marc:datafield><marc:datafield tag="852" ind1="4" ind2="1"><marc:subfield code="a">British Library</marc:subfield><marc:subfield code="b">HMNTS</marc:subfield><marc:subfield code="j">11474.l.2.</marc:subfield></marc:datafield><marc:datafield tag="852" ind1="4" ind2="1"><marc:subfield code="a">British Library</marc:subfield><marc:subfield code="b">MUSIC</marc:subfield><marc:subfield code="j">Hirsch 757.</marc:subfield><marc:subfield code="3">[Another copy.] Oeuvres complètes, etc. Paris, 1872. 8º.</marc:subfield></marc:datafield><marc:datafield tag="886" ind1="2" ind2=" "><marc:subfield code="2">blmarc</marc:subfield><marc:subfield code="a">709</marc:subfield><marc:subfield code="b">00</marc:subfield><marc:subfield code="a">COUSSEMAKER</marc:subfield><marc:subfield code="h">Charles Edmond Henri de</marc:subfield><marc:subfield code="p">11474.l.2.</marc:subfield><marc:subfield code="x">0712620060</marc:subfield></marc:datafield></marc:record>