
<marc:record><marc:leader>00583cam a22001333  4500</marc:leader>
<marc:controlfield tag="001">000013312</marc:controlfield>
<marc:controlfield tag="003">Uk</marc:controlfield><marc:controlfield tag="005">20130205171100.0</marc:controlfield><marc:controlfield tag="008">870814|1842|||||||    ||    |||| |||||  </marc:controlfield><marc:datafield tag="040" ind1=" " ind2=" "><marc:subfield code="a">Uk</marc:subfield><marc:subfield code="c">Uk</marc:subfield></marc:datafield><marc:datafield tag="245" ind1="1" ind2="0"><marc:subfield code="a">Li Jus Adan, ou de la Feuillie. Fragmens du Jeu Adam. Li Jus du Pelerin. Li Gieus de Robin et de Marion. [All in verse; with translations in modern French prose.]</marc:subfield></marc:datafield><marc:datafield tag="580" ind1=" " ind2=" "><marc:subfield code="a">In : Monmerqué (L. J. N. de) and Michel (F.) Théâtre français au moyen âge, etc. 1842. 8º.</marc:subfield></marc:datafield><marc:datafield tag="720" ind1=" " ind2=" "><marc:subfield code="a">Adam,</marc:subfield><marc:subfield code="c">de La Halle,</marc:subfield><marc:subfield code="d">ca. 1235-ca. 1288.</marc:subfield><marc:subfield code="e">main entry</marc:subfield></marc:datafield><marc:datafield tag="852" ind1="4" ind2="1"><marc:subfield code="a">British Library</marc:subfield><marc:subfield code="b">HMNTS</marc:subfield><marc:subfield code="j">2296.g.3.</marc:subfield></marc:datafield></marc:record>