
<marc:record><marc:leader>00683cam a22001573  4500</marc:leader>
<marc:controlfield tag="001">000013313</marc:controlfield>
<marc:controlfield tag="003">Uk</marc:controlfield><marc:controlfield tag="005">20130205171100.0</marc:controlfield><marc:controlfield tag="008">870814|1886|||||||    ||    |||| |||||  </marc:controlfield><marc:datafield tag="040" ind1=" " ind2=" "><marc:subfield code="a">Uk</marc:subfield><marc:subfield code="c">Uk</marc:subfield></marc:datafield><marc:datafield tag="245" ind1="1" ind2="0"><marc:subfield code="a">Die dem Trouvere Adam de la Hale zugeschriebenen Dramen: “Li Jus du Pelerin,” “Li Gieus de Robin et de Marion,” “Li Jus Adan.” Genauer Abdruck der erhaltenen Handschriften, besorgt von Dr. A. Rambeau.</marc:subfield></marc:datafield><marc:datafield tag="260" ind1=" " ind2=" "><marc:subfield code="a">Marburg,</marc:subfield><marc:subfield code="c">1886.</marc:subfield></marc:datafield><marc:datafield tag="300" ind1=" " ind2=" "><marc:subfield code="a">98 p. ;</marc:subfield><marc:subfield code="c">8º.</marc:subfield></marc:datafield><marc:datafield tag="490" ind1="0" ind2=" "><marc:subfield code="a">[Ausgaben und Abhandlungen aus dem Gebiete der romanischen Philologie, etc. no. 58.]</marc:subfield></marc:datafield><marc:datafield tag="720" ind1=" " ind2=" "><marc:subfield code="a">Adam,</marc:subfield><marc:subfield code="c">de La Halle,</marc:subfield><marc:subfield code="d">ca. 1235-ca. 1288.</marc:subfield><marc:subfield code="e">main entry</marc:subfield></marc:datafield><marc:datafield tag="852" ind1="4" ind2="1"><marc:subfield code="a">British Library</marc:subfield><marc:subfield code="b">HMNTS</marc:subfield><marc:subfield code="j">11498.i.18/58.</marc:subfield></marc:datafield></marc:record>