
<marc:record><marc:leader>00997cam a22002053  4500</marc:leader>
<marc:controlfield tag="001">000013314</marc:controlfield>
<marc:controlfield tag="003">Uk</marc:controlfield><marc:controlfield tag="005">20130718180500.0</marc:controlfield><marc:controlfield tag="008">870814|1896||||fr     ||    |||| |||||  </marc:controlfield><marc:datafield tag="040" ind1=" " ind2=" "><marc:subfield code="a">Uk</marc:subfield><marc:subfield code="c">Uk</marc:subfield></marc:datafield><marc:datafield tag="245" ind1="1" ind2="0"><marc:subfield code="a">Commémoration d'Adam de la Halle. Arra, 21 juin 1896.</marc:subfield></marc:datafield><marc:datafield tag="260" ind1=" " ind2=" "><marc:subfield code="a">Paris :</marc:subfield><marc:subfield code="b">Bibliothèque artistique et littéraire de la Revue du nord,</marc:subfield><marc:subfield code="c">[1896]</marc:subfield></marc:datafield><marc:datafield tag="300" ind1=" " ind2=" "><marc:subfield code="a">72 p. :</marc:subfield><marc:subfield code="b">ill., port. ;</marc:subfield><marc:subfield code="c">26 cm.</marc:subfield></marc:datafield><marc:datafield tag="500" ind1=" " ind2=" "><marc:subfield code="a">Including a translation into modern French of Le jeu de Robin et de Marion by Émile Blémont and of two scenes from Le jeu de la feuillée by Émile Blémont and Ernest Laut.</marc:subfield></marc:datafield><marc:datafield tag="700" ind1="1" ind2=" "><marc:subfield code="a">BLÉMONT, Émile,</marc:subfield><marc:subfield code="c">pseud. [i.e. Léon Émile Petitdidier.]</marc:subfield></marc:datafield><marc:datafield tag="700" ind1="1" ind2=" "><marc:subfield code="a">LAUT, Ernest.</marc:subfield></marc:datafield><marc:datafield tag="720" ind1=" " ind2=" "><marc:subfield code="a">Adam,</marc:subfield><marc:subfield code="c">de La Halle,</marc:subfield><marc:subfield code="d">ca. 1235-ca. 1288.</marc:subfield><marc:subfield code="e">main entry</marc:subfield></marc:datafield><marc:datafield tag="852" ind1="4" ind2="1"><marc:subfield code="a">British Library</marc:subfield><marc:subfield code="b">HMNTS</marc:subfield><marc:subfield code="j">1600/1278.</marc:subfield></marc:datafield><marc:datafield tag="886" ind1="2" ind2=" "><marc:subfield code="2">blmarc</marc:subfield><marc:subfield code="a">709</marc:subfield><marc:subfield code="b">00</marc:subfield><marc:subfield code="a">BLÉMONT</marc:subfield><marc:subfield code="h">Émile</marc:subfield><marc:subfield code="f">pseud. [i.e. Léon Émile Petitdidier.]</marc:subfield><marc:subfield code="p">1600/1278.</marc:subfield><marc:subfield code="x">0343210096</marc:subfield></marc:datafield><marc:datafield tag="886" ind1="2" ind2=" "><marc:subfield code="2">blmarc</marc:subfield><marc:subfield code="a">709</marc:subfield><marc:subfield code="b">00</marc:subfield><marc:subfield code="a">LAUT</marc:subfield><marc:subfield code="h">Ernest</marc:subfield><marc:subfield code="p">1600/1278.</marc:subfield><marc:subfield code="x">1853760226</marc:subfield></marc:datafield></marc:record>