
<marc:record><marc:leader>00697cam a22001813  4500</marc:leader>
<marc:controlfield tag="001">000013317</marc:controlfield>
<marc:controlfield tag="003">Uk</marc:controlfield><marc:controlfield tag="005">20130205171100.0</marc:controlfield><marc:controlfield tag="008">930721|1900|||||||    ||    |||| |||||  </marc:controlfield><marc:datafield tag="040" ind1=" " ind2=" "><marc:subfield code="a">Uk</marc:subfield><marc:subfield code="c">Uk</marc:subfield></marc:datafield><marc:datafield tag="245" ind1="1" ind2="0"><marc:subfield code="a">Canchons und Partures des altfranzösischen Trouvere Adan de le Hale le Bochu d'Aras. Herausgegeben von R. Berger. Bd. 1. Canchons.</marc:subfield></marc:datafield><marc:datafield tag="260" ind1=" " ind2=" "><marc:subfield code="a">Halle,</marc:subfield><marc:subfield code="c">1900.</marc:subfield></marc:datafield><marc:datafield tag="300" ind1=" " ind2=" "><marc:subfield code="a">530 p. ;</marc:subfield><marc:subfield code="c">8º.</marc:subfield></marc:datafield><marc:datafield tag="490" ind1="0" ind2=" "><marc:subfield code="a">[Romanische Bibliothek. no. 17.]</marc:subfield></marc:datafield><marc:datafield tag="700" ind1="1" ind2=" "><marc:subfield code="a">BERGER, Rudolf,</marc:subfield><marc:subfield code="c">Romance Philogist.</marc:subfield></marc:datafield><marc:datafield tag="720" ind1=" " ind2=" "><marc:subfield code="a">Adam,</marc:subfield><marc:subfield code="c">de La Halle,</marc:subfield><marc:subfield code="d">ca. 1235-ca. 1288.</marc:subfield><marc:subfield code="e">main entry</marc:subfield></marc:datafield><marc:datafield tag="852" ind1="4" ind2="1"><marc:subfield code="a">British Library</marc:subfield><marc:subfield code="b">HMNTS</marc:subfield><marc:subfield code="j">012238.a.1/17.</marc:subfield></marc:datafield><marc:datafield tag="886" ind1="2" ind2=" "><marc:subfield code="2">blmarc</marc:subfield><marc:subfield code="a">709</marc:subfield><marc:subfield code="b">00</marc:subfield><marc:subfield code="a">BERGER</marc:subfield><marc:subfield code="h">Rudolf</marc:subfield><marc:subfield code="f">Romance Philogist</marc:subfield><marc:subfield code="p">012238.a.1/17.</marc:subfield><marc:subfield code="x">0260760269</marc:subfield></marc:datafield></marc:record>