
<marc:record><marc:leader>00675cam a22001333  4500</marc:leader>
<marc:controlfield tag="001">000013324</marc:controlfield>
<marc:controlfield tag="003">Uk</marc:controlfield><marc:controlfield tag="005">20130205171100.0</marc:controlfield><marc:controlfield tag="008">870814|1893|||||||    ||    |||| |||||  </marc:controlfield><marc:datafield tag="040" ind1=" " ind2=" "><marc:subfield code="a">Uk</marc:subfield><marc:subfield code="c">Uk</marc:subfield></marc:datafield><marc:datafield tag="245" ind1="1" ind2="0"><marc:subfield code="a">Hier beginnt das Spiel von Robin und Marion ... oder das Spiel vom Schäfer und der Schäferin. [A German translation, with the French words and the tunes of the songs added.]</marc:subfield></marc:datafield><marc:datafield tag="580" ind1=" " ind2=" "><marc:subfield code="a">In: Meienreis (P. T. R.) Adam de la Hale's Spiel “Robin und Marion” und dessen Stellung in der Entwickelung der dramatischen und musikalischen Kunst. pp. 30-73. 1893. 8º.</marc:subfield></marc:datafield><marc:datafield tag="720" ind1=" " ind2=" "><marc:subfield code="a">Adam,</marc:subfield><marc:subfield code="c">de La Halle,</marc:subfield><marc:subfield code="d">ca. 1235-ca. 1288.</marc:subfield><marc:subfield code="e">main entry</marc:subfield></marc:datafield><marc:datafield tag="852" ind1="4" ind2="1"><marc:subfield code="a">British Library</marc:subfield><marc:subfield code="b">MUSIC</marc:subfield><marc:subfield code="j">Hirsch 2061.</marc:subfield></marc:datafield></marc:record>