
<marc:record><marc:leader>00910cam a22001933  4500</marc:leader>
<marc:controlfield tag="001">000013337</marc:controlfield>
<marc:controlfield tag="003">Uk</marc:controlfield><marc:controlfield tag="005">20120120152500.0</marc:controlfield><marc:controlfield tag="008">870814|1894|||||||    ||    |||| |||||  </marc:controlfield><marc:datafield tag="040" ind1=" " ind2=" "><marc:subfield code="a">Uk</marc:subfield><marc:subfield code="c">Uk</marc:subfield></marc:datafield><marc:datafield tag="245" ind1="1" ind2="0"><marc:subfield code="a">[Œuvres poétiques d'Adam de S. Victor, précédées d'un essai sur sa vie et ses ouvrages. Première édition complète, par L. Gautier.]</marc:subfield></marc:datafield><marc:datafield tag="250" ind1=" " ind2=" "><marc:subfield code="a">Troisième édition.</marc:subfield></marc:datafield><marc:datafield tag="260" ind1=" " ind2=" "><marc:subfield code="a">Paris,</marc:subfield><marc:subfield code="c">1894.</marc:subfield></marc:datafield><marc:datafield tag="300" ind1=" " ind2=" "><marc:subfield code="a">xxii, 335 p. ;</marc:subfield><marc:subfield code="c">12º.</marc:subfield></marc:datafield><marc:datafield tag="700" ind1="1" ind2=" "><marc:subfield code="a">GAUTIER, Léon.</marc:subfield></marc:datafield><marc:datafield tag="720" ind1=" " ind2=" "><marc:subfield code="a">ADAM, de Saint Victor</marc:subfield><marc:subfield code="e">main entry</marc:subfield></marc:datafield><marc:datafield tag="787" ind1="0" ind2=" "><marc:subfield code="t">Œuvres poétiques d'Adam de S. Victor, précédées d'un essai sur sa vie et ses ouvrages. Première édition complète, par L. Gautier.</marc:subfield><marc:subfield code="d">2 tom. Paris, 1858, 59. 12º.</marc:subfield><marc:subfield code="w">(Uk)MP1.0000015726</marc:subfield></marc:datafield><marc:datafield tag="852" ind1="4" ind2="1"><marc:subfield code="a">British Library</marc:subfield><marc:subfield code="b">HMNTS</marc:subfield><marc:subfield code="j">3433.bbbb.45.</marc:subfield></marc:datafield><marc:datafield tag="886" ind1="2" ind2=" "><marc:subfield code="2">blmarc</marc:subfield><marc:subfield code="a">709</marc:subfield><marc:subfield code="b">00</marc:subfield><marc:subfield code="a">GAUTIER</marc:subfield><marc:subfield code="h">Léon</marc:subfield><marc:subfield code="p">11405.b.2.</marc:subfield><marc:subfield code="x">1210810077</marc:subfield><marc:subfield code="p">3425.c.7.</marc:subfield><marc:subfield code="x">1210810077</marc:subfield><marc:subfield code="p">3433.bbbb.45.</marc:subfield><marc:subfield code="x">1210810085</marc:subfield></marc:datafield></marc:record>