
<marc:record><marc:leader>00486cam a22001573  4500</marc:leader>
<marc:controlfield tag="001">000013358</marc:controlfield>
<marc:controlfield tag="003">Uk</marc:controlfield><marc:controlfield tag="005">20110311165800.0</marc:controlfield><marc:controlfield tag="008">870814|1863|||||||    ||    |||| |||||  </marc:controlfield><marc:datafield tag="040" ind1=" " ind2=" "><marc:subfield code="a">Uk</marc:subfield><marc:subfield code="c">Uk</marc:subfield></marc:datafield><marc:datafield tag="245" ind1="1" ind2="0"><marc:subfield code="a">Vara och synas. En historia om tvenne sotarepojkar.</marc:subfield></marc:datafield><marc:datafield tag="260" ind1=" " ind2=" "><marc:subfield code="a">Stockholm,</marc:subfield><marc:subfield code="c">1863.</marc:subfield></marc:datafield><marc:datafield tag="300" ind1=" " ind2=" "><marc:subfield code="a">24 p. ;</marc:subfield><marc:subfield code="c">16º.</marc:subfield></marc:datafield><marc:datafield tag="490" ind1="0" ind2=" "><marc:subfield code="a">[Öreskrifter för Folket. no. 14.]</marc:subfield></marc:datafield><marc:datafield tag="720" ind1=" " ind2=" "><marc:subfield code="a">ADAM, Onkel, pseud. [i.e. Carl Anton Wetterbergh.]</marc:subfield><marc:subfield code="e">main entry</marc:subfield></marc:datafield><marc:datafield tag="852" ind1="4" ind2="1"><marc:subfield code="a">British Library</marc:subfield><marc:subfield code="b">HMNTS</marc:subfield><marc:subfield code="j">12206.cc.1.</marc:subfield></marc:datafield></marc:record>