
<marc:record><marc:leader>00742cam a22001933  4500</marc:leader>
<marc:controlfield tag="001">000013365</marc:controlfield>
<marc:controlfield tag="003">Uk</marc:controlfield><marc:controlfield tag="005">20120511180400.0</marc:controlfield><marc:controlfield tag="008">870814|1859|||||||    ||    |||| |||||  </marc:controlfield><marc:datafield tag="040" ind1=" " ind2=" "><marc:subfield code="a">Uk</marc:subfield><marc:subfield code="c">Uk</marc:subfield></marc:datafield><marc:datafield tag="245" ind1="1" ind2="0"><marc:subfield code="a">Facsimile of a grant of land in the thirteenth century to an ancestor of the Sykes family [A. Sykes. With a letter by W. H. Sykes].</marc:subfield></marc:datafield><marc:datafield tag="260" ind1=" " ind2=" "><marc:subfield code="a">[London,</marc:subfield><marc:subfield code="c">1859]</marc:subfield></marc:datafield><marc:datafield tag="300" ind1=" " ind2=" "><marc:subfield code="a">1 sheet ;</marc:subfield><marc:subfield code="c">fol.</marc:subfield></marc:datafield><marc:datafield tag="700" ind1="1" ind2=" "><marc:subfield code="a">SYKES, Agnes.</marc:subfield></marc:datafield><marc:datafield tag="700" ind1="1" ind2=" "><marc:subfield code="a">Sykes,</marc:subfield><marc:subfield code="c">Colonel</marc:subfield><marc:subfield code="q">(William Henry),</marc:subfield><marc:subfield code="d">1790-1872.</marc:subfield></marc:datafield><marc:datafield tag="720" ind1=" " ind2=" "><marc:subfield code="a">ADAM, Son of Peter of Flockton</marc:subfield><marc:subfield code="e">main entry</marc:subfield></marc:datafield><marc:datafield tag="852" ind1="4" ind2="1"><marc:subfield code="a">British Library</marc:subfield><marc:subfield code="b">HMNTS</marc:subfield><marc:subfield code="j">1882.d.1.(13.)</marc:subfield></marc:datafield><marc:datafield tag="886" ind1="2" ind2=" "><marc:subfield code="2">blmarc</marc:subfield><marc:subfield code="a">709</marc:subfield><marc:subfield code="b">00</marc:subfield><marc:subfield code="a">SYKES</marc:subfield><marc:subfield code="h">Agnes</marc:subfield><marc:subfield code="p">1882.d.1.(13.)</marc:subfield><marc:subfield code="x">3191250255</marc:subfield></marc:datafield><marc:datafield tag="886" ind1="2" ind2=" "><marc:subfield code="2">blmarc</marc:subfield><marc:subfield code="a">709</marc:subfield><marc:subfield code="b">00</marc:subfield><marc:subfield code="a">SYKES</marc:subfield><marc:subfield code="h">William Henry</marc:subfield><marc:subfield code="p">1882.d.1.(13.)</marc:subfield><marc:subfield code="x">3191430121</marc:subfield></marc:datafield></marc:record>