
<marc:record><marc:leader>00678cam a22001693  4500</marc:leader>
<marc:controlfield tag="001">000013448</marc:controlfield>
<marc:controlfield tag="003">Uk</marc:controlfield><marc:controlfield tag="005">20120203162600.0</marc:controlfield><marc:controlfield tag="008">870814|1805|||||||    ||     ||| |||||  </marc:controlfield><marc:datafield tag="040" ind1=" " ind2=" "><marc:subfield code="a">Uk</marc:subfield><marc:subfield code="c">Uk</marc:subfield></marc:datafield><marc:datafield tag="100" ind1="1" ind2=" "><marc:subfield code="a">ADAM, Alexander,</marc:subfield><marc:subfield code="c">LL.D.</marc:subfield></marc:datafield><marc:datafield tag="245" ind1="1" ind2="2"><marc:subfield code="a">A Compendious Dictionary of the Latin Tongue, etc.</marc:subfield></marc:datafield><marc:datafield tag="260" ind1=" " ind2=" "><marc:subfield code="a">Edinburgh :</marc:subfield><marc:subfield code="b">William Creech,</marc:subfield><marc:subfield code="c">1805.</marc:subfield></marc:datafield><marc:datafield tag="300" ind1=" " ind2=" "><marc:subfield code="a">v, 909 p. ;</marc:subfield><marc:subfield code="c">8º.</marc:subfield></marc:datafield><marc:datafield tag="775" ind1="0" ind2=" "><marc:subfield code="t">[A Compendious Dictionary of the Latin Tongue, etc.]</marc:subfield><marc:subfield code="d">pp. vii. 826. 71. 185. Dickinson &amp; Co.: Edinburgh, 1814. 8º.</marc:subfield><marc:subfield code="w">(Uk)MP1.0000015855.1</marc:subfield></marc:datafield><marc:datafield tag="787" ind1="0" ind2=" "><marc:subfield code="t">[A Compendious Dictionary of the Latin Tongue, etc.]</marc:subfield><marc:subfield code="d">Edinburgh, 1822. 8º.</marc:subfield><marc:subfield code="w">(Uk)MP1.0000015855.2</marc:subfield></marc:datafield><marc:datafield tag="852" ind1="4" ind2="1"><marc:subfield code="a">British Library</marc:subfield><marc:subfield code="b">HMNTS</marc:subfield><marc:subfield code="j">625.g.6.</marc:subfield></marc:datafield></marc:record>