
<marc:record><marc:leader>01927cam a22002293  4500</marc:leader>
<marc:controlfield tag="001">000013453</marc:controlfield>
<marc:controlfield tag="003">Uk</marc:controlfield><marc:controlfield tag="005">20120203162600.0</marc:controlfield><marc:controlfield tag="008">870814|1803|||||||    ||     ||| ||eng  </marc:controlfield><marc:datafield tag="040" ind1=" " ind2=" "><marc:subfield code="a">Uk</marc:subfield><marc:subfield code="c">Uk</marc:subfield></marc:datafield><marc:datafield tag="100" ind1="1" ind2=" "><marc:subfield code="a">ADAM, Alexander,</marc:subfield><marc:subfield code="c">LL.D.</marc:subfield></marc:datafield><marc:datafield tag="245" ind1="1" ind2="4"><marc:subfield code="a">The Rudiments of Latin and English Grammar ... Second American, from the fifth English edition. With improvements.</marc:subfield></marc:datafield><marc:datafield tag="260" ind1=" " ind2=" "><marc:subfield code="a">Boston :</marc:subfield><marc:subfield code="b">I. Thomas &amp; E. T. Andrews,</marc:subfield><marc:subfield code="c">1803.</marc:subfield></marc:datafield><marc:datafield tag="300" ind1=" " ind2=" "><marc:subfield code="a">x, 302 p. ;</marc:subfield><marc:subfield code="c">12º.</marc:subfield></marc:datafield><marc:datafield tag="775" ind1="0" ind2=" "><marc:subfield code="t">[The Rudiments of Latin and English Grammar ... Second American, from the fifth English edition. With improvements.]</marc:subfield><marc:subfield code="d">pp. xii. 324. Bell &amp; Bradfute: Edinburgh, 1816. 12º.</marc:subfield><marc:subfield code="w">(Uk)MP1.0000015858.1</marc:subfield></marc:datafield><marc:datafield tag="775" ind1="0" ind2=" "><marc:subfield code="t">[The Rudiments of Latin and English Grammar ... Second American, from the fifth English edition. With improvements.]</marc:subfield><marc:subfield code="d">pp. xii. 324. Bell &amp; Bradfute: Edinburgh, 1823. 8º.</marc:subfield><marc:subfield code="w">(Uk)MP1.0000015858.2</marc:subfield></marc:datafield><marc:datafield tag="775" ind1="0" ind2=" "><marc:subfield code="t">[The Rudiments of Latin and English Grammar ... Second American, from the fifth English edition. With improvements.]</marc:subfield><marc:subfield code="d">pp. 299. Hilliard &amp; Co.: Boston, 1828. 12º.</marc:subfield><marc:subfield code="w">(Uk)MP1.0000015858.3</marc:subfield></marc:datafield><marc:datafield tag="775" ind1="0" ind2=" "><marc:subfield code="t">[The Rudiments of Latin and English Grammar ... Second American, from the fifth English edition. With improvements.]</marc:subfield><marc:subfield code="d">pp. 299. Hilliard &amp; Co.: Boston, 1833. 12º.</marc:subfield><marc:subfield code="w">(Uk)MP1.0000015858.4</marc:subfield></marc:datafield><marc:datafield tag="775" ind1="0" ind2=" "><marc:subfield code="t">[The Rudiments of Latin and English Grammar ... Second American, from the fifth English edition. With improvements.]</marc:subfield><marc:subfield code="d">pp. 340. W. Marshall &amp; Co.: Philadelphia, 1836. 12º.</marc:subfield><marc:subfield code="w">(Uk)MP1.0000015858.5</marc:subfield></marc:datafield><marc:datafield tag="775" ind1="0" ind2=" "><marc:subfield code="t">[The Rudiments of Latin and English Grammar ... Second American, from the fifth English edition. With improvements.]</marc:subfield><marc:subfield code="d">pp. 299. Hilliard &amp; Co.: Boston, 1840. 12º.</marc:subfield><marc:subfield code="w">(Uk)MP1.0000015858.6</marc:subfield></marc:datafield><marc:datafield tag="775" ind1="0" ind2=" "><marc:subfield code="t">[The Rudiments of Latin and English Grammar ... Second American, from the fifth English edition. With improvements.]</marc:subfield><marc:subfield code="d">pp. xv. 324. Bell &amp; Bradfute: Edinburgh, 1846. 12º.</marc:subfield><marc:subfield code="w">(Uk)MP1.0000015858.7</marc:subfield></marc:datafield><marc:datafield tag="852" ind1="4" ind2="1"><marc:subfield code="a">British Library</marc:subfield><marc:subfield code="b">HMNTS</marc:subfield><marc:subfield code="j">12933.cc.5.</marc:subfield></marc:datafield></marc:record>