
<marc:record><marc:leader>00917cam a22001933  4500</marc:leader>
<marc:controlfield tag="001">000013458</marc:controlfield>
<marc:controlfield tag="003">Uk</marc:controlfield><marc:controlfield tag="005">20111222151700.0</marc:controlfield><marc:controlfield tag="008">870814|1836|||||||    ||     ||| |||||  </marc:controlfield><marc:datafield tag="040" ind1=" " ind2=" "><marc:subfield code="a">Uk</marc:subfield><marc:subfield code="c">Uk</marc:subfield></marc:datafield><marc:datafield tag="100" ind1="1" ind2=" "><marc:subfield code="a">ADAM, Alexander,</marc:subfield><marc:subfield code="c">LL.D.</marc:subfield></marc:datafield><marc:datafield tag="245" ind1="1" ind2="5"><marc:subfield code="a">[The Rudiments of Latin and English Grammar ... Second American, from the fifth English edition. With improvements.]</marc:subfield></marc:datafield><marc:datafield tag="250" ind1=" " ind2=" "><marc:subfield code="a">[Another edition.] With numerous additions and improvements ... by C. D. Cleveland.</marc:subfield></marc:datafield><marc:datafield tag="260" ind1=" " ind2=" "><marc:subfield code="a">Philadelphia :</marc:subfield><marc:subfield code="b">W. Marshall &amp; Co.,</marc:subfield><marc:subfield code="c">1836.</marc:subfield></marc:datafield><marc:datafield tag="300" ind1=" " ind2=" "><marc:subfield code="a">340 p. ;</marc:subfield><marc:subfield code="c">12º.</marc:subfield></marc:datafield><marc:datafield tag="700" ind1="1" ind2=" "><marc:subfield code="a">CLEVELAND, Charles Dexter.</marc:subfield></marc:datafield><marc:datafield tag="787" ind1="0" ind2=" "><marc:subfield code="t">The Rudiments of Latin and English Grammar ... Second American, from the fifth English edition. With improvements.</marc:subfield><marc:subfield code="d">pp. x. 302. I. Thomas &amp; E. T. Andrews: Boston, 1803. 12º.</marc:subfield><marc:subfield code="w">(Uk)MP1.0000015858</marc:subfield></marc:datafield><marc:datafield tag="852" ind1="4" ind2="1"><marc:subfield code="a">British Library</marc:subfield><marc:subfield code="b">HMNTS</marc:subfield><marc:subfield code="j">826.g.14.</marc:subfield></marc:datafield><marc:datafield tag="886" ind1="2" ind2=" "><marc:subfield code="2">blmarc</marc:subfield><marc:subfield code="a">709</marc:subfield><marc:subfield code="b">00</marc:subfield><marc:subfield code="a">CLEVELAND</marc:subfield><marc:subfield code="h">Charles Dexter</marc:subfield><marc:subfield code="p">826.g.14.</marc:subfield><marc:subfield code="x">0642480192</marc:subfield></marc:datafield></marc:record>