
<marc:record><marc:leader>00826cam a22001933  4500</marc:leader>
<marc:controlfield tag="001">000013463</marc:controlfield>
<marc:controlfield tag="003">Uk</marc:controlfield><marc:controlfield tag="005">20111222151700.0</marc:controlfield><marc:controlfield tag="008">870814|1833|||||||    ||     ||| |||||  </marc:controlfield><marc:datafield tag="040" ind1=" " ind2=" "><marc:subfield code="a">Uk</marc:subfield><marc:subfield code="c">Uk</marc:subfield></marc:datafield><marc:datafield tag="100" ind1="1" ind2=" "><marc:subfield code="a">ADAM, Alexander,</marc:subfield><marc:subfield code="c">LL.D.</marc:subfield></marc:datafield><marc:datafield tag="245" ind1="1" ind2="0"><marc:subfield code="a">[Adam's Latin Grammar simplified ... by Allen Fisk. Second edition, revised and corrected.]</marc:subfield></marc:datafield><marc:datafield tag="250" ind1=" " ind2=" "><marc:subfield code="a">Fifth edition, from the second edition, revised and corrected.</marc:subfield></marc:datafield><marc:datafield tag="260" ind1=" " ind2=" "><marc:subfield code="a">New York :</marc:subfield><marc:subfield code="b">N. &amp; J. White,</marc:subfield><marc:subfield code="c">1833.</marc:subfield></marc:datafield><marc:datafield tag="300" ind1=" " ind2=" "><marc:subfield code="a">190, xvi p. ;</marc:subfield><marc:subfield code="c">8º.</marc:subfield></marc:datafield><marc:datafield tag="700" ind1="1" ind2=" "><marc:subfield code="a">FISK, Allen.</marc:subfield></marc:datafield><marc:datafield tag="787" ind1="0" ind2=" "><marc:subfield code="t">Adam's Latin Grammar simplified ... by Allen Fisk. Second edition, revised and corrected.</marc:subfield><marc:subfield code="d">pp. 190. Charles Starr: New York, 1824. 8º.</marc:subfield><marc:subfield code="w">(Uk)MP1.0000015860</marc:subfield></marc:datafield><marc:datafield tag="852" ind1="4" ind2="1"><marc:subfield code="a">British Library</marc:subfield><marc:subfield code="b">HMNTS</marc:subfield><marc:subfield code="j">12933.e.8.</marc:subfield></marc:datafield><marc:datafield tag="886" ind1="2" ind2=" "><marc:subfield code="2">blmarc</marc:subfield><marc:subfield code="a">709</marc:subfield><marc:subfield code="b">00</marc:subfield><marc:subfield code="a">FISK</marc:subfield><marc:subfield code="h">Allen</marc:subfield><marc:subfield code="p">12933.e.6.</marc:subfield><marc:subfield code="x">1093110147</marc:subfield><marc:subfield code="p">12933.e.8.</marc:subfield><marc:subfield code="x">1093110147</marc:subfield></marc:datafield></marc:record>