
<marc:record><marc:leader>00711cam a22001693  4500</marc:leader>
<marc:controlfield tag="001">000013468</marc:controlfield>
<marc:controlfield tag="003">Uk</marc:controlfield><marc:controlfield tag="005">20110119132400.0</marc:controlfield><marc:controlfield tag="008">870814|1801|||||||    ||     ||| |||||  </marc:controlfield><marc:datafield tag="040" ind1=" " ind2=" "><marc:subfield code="a">Uk</marc:subfield><marc:subfield code="c">Uk</marc:subfield></marc:datafield><marc:datafield tag="100" ind1="1" ind2=" "><marc:subfield code="a">ADAM, Alexander,</marc:subfield><marc:subfield code="c">LL.D.</marc:subfield></marc:datafield><marc:datafield tag="245" ind1="1" ind2="0"><marc:subfield code="a">[Roman Antiquities; or, an Account of the manners and customs of the Romans, etc.]</marc:subfield></marc:datafield><marc:datafield tag="250" ind1=" " ind2=" "><marc:subfield code="a">The fifth edition, corrected.</marc:subfield></marc:datafield><marc:datafield tag="260" ind1=" " ind2=" "><marc:subfield code="a">pp. xv. 616. T. Cadell, jun.: London, 1801.</marc:subfield></marc:datafield><marc:datafield tag="300" ind1=" " ind2=" "><marc:subfield code="a">8º.</marc:subfield></marc:datafield><marc:datafield tag="787" ind1="0" ind2=" "><marc:subfield code="t">Roman Antiquities; or, an Account of the manners and customs of the Romans, etc.</marc:subfield><marc:subfield code="d">pp. xiii. 594. Edinburgh; printed for A. Strahan &amp; T. Cadell: London; William Creech: Edinburgh, 1791. 12º.</marc:subfield><marc:subfield code="w">(Uk)MP1.0000015862</marc:subfield></marc:datafield><marc:datafield tag="852" ind1="4" ind2="1"><marc:subfield code="a">British Library</marc:subfield><marc:subfield code="b">HMNTS</marc:subfield><marc:subfield code="j">7702.c.5.</marc:subfield></marc:datafield></marc:record>