
<marc:record><marc:leader>00696cam a22001693  4500</marc:leader>
<marc:controlfield tag="001">000013474</marc:controlfield>
<marc:controlfield tag="003">Uk</marc:controlfield><marc:controlfield tag="005">20110119132400.0</marc:controlfield><marc:controlfield tag="008">870814|1830|||||||    ||     ||| |||||  </marc:controlfield><marc:datafield tag="040" ind1=" " ind2=" "><marc:subfield code="a">Uk</marc:subfield><marc:subfield code="c">Uk</marc:subfield></marc:datafield><marc:datafield tag="100" ind1="1" ind2=" "><marc:subfield code="a">ADAM, Alexander,</marc:subfield><marc:subfield code="c">LL.D.</marc:subfield></marc:datafield><marc:datafield tag="245" ind1="1" ind2="0"><marc:subfield code="a">Roman Antiquities ... The eleventh edition, corrected.</marc:subfield></marc:datafield><marc:datafield tag="260" ind1=" " ind2=" "><marc:subfield code="a">pp. xv. 570. T. Cadell, etc.: London, 1830.</marc:subfield></marc:datafield><marc:datafield tag="300" ind1=" " ind2=" "><marc:subfield code="a">8º.</marc:subfield></marc:datafield><marc:datafield tag="775" ind1="0" ind2=" "><marc:subfield code="t">[Roman Antiquities ... The eleventh edition, corrected.]</marc:subfield><marc:subfield code="d">pp. xi. 528. T. Tegg &amp; Son: London, 1834. 12º.</marc:subfield><marc:subfield code="w">(Uk)MP1.0000015863.1</marc:subfield></marc:datafield><marc:datafield tag="775" ind1="0" ind2=" "><marc:subfield code="t">[Roman Antiquities ... The eleventh edition, corrected.]</marc:subfield><marc:subfield code="d">pp. xxi. 572. T. Cadell: London, 1835. 8º.</marc:subfield><marc:subfield code="w">(Uk)MP1.0000015863.2</marc:subfield></marc:datafield><marc:datafield tag="852" ind1="4" ind2="1"><marc:subfield code="a">British Library</marc:subfield><marc:subfield code="b">HMNTS</marc:subfield><marc:subfield code="j">07705.p.34.</marc:subfield></marc:datafield></marc:record>