
<marc:record><marc:leader>00745cam a22001693  4500</marc:leader>
<marc:controlfield tag="001">000013478</marc:controlfield>
<marc:controlfield tag="003">Uk</marc:controlfield><marc:controlfield tag="005">20110119132400.0</marc:controlfield><marc:controlfield tag="008">870814|1832|||||||    ||     ||| |||||  </marc:controlfield><marc:datafield tag="040" ind1=" " ind2=" "><marc:subfield code="a">Uk</marc:subfield><marc:subfield code="c">Uk</marc:subfield></marc:datafield><marc:datafield tag="100" ind1="1" ind2=" "><marc:subfield code="a">ADAM, Alexander,</marc:subfield><marc:subfield code="c">LL.D.</marc:subfield></marc:datafield><marc:datafield tag="245" ind1="1" ind2="0"><marc:subfield code="a">Questions on Adam's Roman Antiquities. By the author of “Questions on Ancient Geography,” etc. [i.e. Thomas Jackson.] [With “Index of phrases and sentences.”]</marc:subfield></marc:datafield><marc:datafield tag="260" ind1=" " ind2=" "><marc:subfield code="a">Oxford :</marc:subfield><marc:subfield code="b">Henry Slatter,</marc:subfield><marc:subfield code="c">1832.</marc:subfield></marc:datafield><marc:datafield tag="300" ind1=" " ind2=" "><marc:subfield code="a">2 pt. ;</marc:subfield><marc:subfield code="c">8º.</marc:subfield></marc:datafield><marc:datafield tag="700" ind1="1" ind2=" "><marc:subfield code="a">JACKSON, Thomas,</marc:subfield><marc:subfield code="c">Author of “Questions on Adam's Roman Antiquities.”.</marc:subfield></marc:datafield><marc:datafield tag="852" ind1="4" ind2="1"><marc:subfield code="a">British Library</marc:subfield><marc:subfield code="b">HMNTS</marc:subfield><marc:subfield code="j">590.d.24.(1.)</marc:subfield></marc:datafield><marc:datafield tag="886" ind1="2" ind2=" "><marc:subfield code="2">blmarc</marc:subfield><marc:subfield code="a">709</marc:subfield><marc:subfield code="b">00</marc:subfield><marc:subfield code="a">JACKSON</marc:subfield><marc:subfield code="h">Thomas</marc:subfield><marc:subfield code="f">Author of “Questions on Adam's Roman Antiquities.”</marc:subfield><marc:subfield code="p">590.d.24.(1.)</marc:subfield><marc:subfield code="x">1621610357</marc:subfield></marc:datafield></marc:record>