
<marc:record><marc:leader>00832cam a22001933  4500</marc:leader>
<marc:controlfield tag="001">000013505</marc:controlfield>
<marc:controlfield tag="003">Uk</marc:controlfield><marc:controlfield tag="005">20130615210700.0</marc:controlfield><marc:controlfield tag="008">870814|1870||||stk    ||     ||| |||||  </marc:controlfield><marc:datafield tag="040" ind1=" " ind2=" "><marc:subfield code="a">Uk</marc:subfield><marc:subfield code="c">Uk</marc:subfield></marc:datafield><marc:datafield tag="100" ind1="1" ind2=" "><marc:subfield code="a">ADAM, Andrew Mercer.</marc:subfield></marc:datafield><marc:datafield tag="245" ind1="1" ind2="0"><marc:subfield code="a">Flowers from Fatherland [i.e. poems by Bürger, Schiller, and others] transplanted into English soil. By J. P. Trotter, A. M. Adam and G. Coltman. [Edited by A. M. Adam.]</marc:subfield></marc:datafield><marc:datafield tag="260" ind1=" " ind2=" "><marc:subfield code="a">Edinburgh ;</marc:subfield><marc:subfield code="a">London :</marc:subfield><marc:subfield code="b">W. Blackwood &amp; Sons,</marc:subfield><marc:subfield code="c">1870.</marc:subfield></marc:datafield><marc:datafield tag="300" ind1=" " ind2=" "><marc:subfield code="a">xvii, 434 p. ;</marc:subfield><marc:subfield code="c">8º.</marc:subfield></marc:datafield><marc:datafield tag="700" ind1="1" ind2=" "><marc:subfield code="a">Coltman, George,</marc:subfield><marc:subfield code="d">1811 or 1812-1883</marc:subfield></marc:datafield><marc:datafield tag="700" ind1="1" ind2=" "><marc:subfield code="a">TROTTER, John Pitcairn.</marc:subfield></marc:datafield><marc:datafield tag="852" ind1="4" ind2="1"><marc:subfield code="a">British Library</marc:subfield><marc:subfield code="b">HMNTS</marc:subfield><marc:subfield code="j">11522.bbb.1.</marc:subfield></marc:datafield><marc:datafield tag="886" ind1="2" ind2=" "><marc:subfield code="2">blmarc</marc:subfield><marc:subfield code="a">709</marc:subfield><marc:subfield code="b">00</marc:subfield><marc:subfield code="a">COLTMAN</marc:subfield><marc:subfield code="h">George</marc:subfield><marc:subfield code="f">B.A., Brasenose College, Oxford</marc:subfield><marc:subfield code="p">11522.bbb.1.</marc:subfield><marc:subfield code="x">0665010044</marc:subfield></marc:datafield><marc:datafield tag="886" ind1="2" ind2=" "><marc:subfield code="2">blmarc</marc:subfield><marc:subfield code="a">709</marc:subfield><marc:subfield code="b">00</marc:subfield><marc:subfield code="a">TROTTER</marc:subfield><marc:subfield code="h">John Pitcairn</marc:subfield><marc:subfield code="p">11522.bbb.1.</marc:subfield><marc:subfield code="x">3300360218</marc:subfield></marc:datafield></marc:record>