
<marc:record><marc:leader>00548cam a22001693  4500</marc:leader>
<marc:controlfield tag="001">000013542</marc:controlfield>
<marc:controlfield tag="003">Uk</marc:controlfield><marc:controlfield tag="005">20110119132400.0</marc:controlfield><marc:controlfield tag="008">870814|1890|||||||    ||     ||| |||||  </marc:controlfield><marc:datafield tag="040" ind1=" " ind2=" "><marc:subfield code="a">Uk</marc:subfield><marc:subfield code="c">Uk</marc:subfield></marc:datafield><marc:datafield tag="100" ind1="1" ind2=" "><marc:subfield code="a">ADAM, Charles Ernest.</marc:subfield></marc:datafield><marc:datafield tag="245" ind1="1" ind2="0"><marc:subfield code="a">Philosophie de François Bacon.</marc:subfield></marc:datafield><marc:datafield tag="260" ind1=" " ind2=" "><marc:subfield code="a">Paris,</marc:subfield><marc:subfield code="c">1890.</marc:subfield></marc:datafield><marc:datafield tag="300" ind1=" " ind2=" "><marc:subfield code="a">437 p. ;</marc:subfield><marc:subfield code="c">8º.</marc:subfield></marc:datafield><marc:datafield tag="700" ind1="1" ind2=" "><marc:subfield code="a">Bacon, Francis,</marc:subfield><marc:subfield code="d">1561-1626</marc:subfield><marc:subfield code="t">Appendix. Criticism.</marc:subfield></marc:datafield><marc:datafield tag="852" ind1="4" ind2="1"><marc:subfield code="a">British Library</marc:subfield><marc:subfield code="b">HMNTS</marc:subfield><marc:subfield code="j">8468.cc.35.</marc:subfield></marc:datafield><marc:datafield tag="886" ind1="2" ind2=" "><marc:subfield code="2">blmarc</marc:subfield><marc:subfield code="a">709</marc:subfield><marc:subfield code="b">00</marc:subfield><marc:subfield code="a">BACON</marc:subfield><marc:subfield code="h">Francis</marc:subfield><marc:subfield code="f">Viscount St. Albans</marc:subfield><marc:subfield code="t">Appendix</marc:subfield><marc:subfield code="t">Criticism</marc:subfield><marc:subfield code="p">8468.cc.35.</marc:subfield><marc:subfield code="x">0160370280</marc:subfield></marc:datafield></marc:record>