
<marc:record><marc:leader>00624cam a22001693  4500</marc:leader>
<marc:controlfield tag="001">000013561</marc:controlfield>
<marc:controlfield tag="003">Uk</marc:controlfield><marc:controlfield tag="005">20110119132500.0</marc:controlfield><marc:controlfield tag="008">870814|1861|||||||    ||     ||| |||||  </marc:controlfield><marc:datafield tag="040" ind1=" " ind2=" "><marc:subfield code="a">Uk</marc:subfield><marc:subfield code="c">Uk</marc:subfield></marc:datafield><marc:datafield tag="100" ind1="1" ind2=" "><marc:subfield code="a">ADAM, Franciscus.</marc:subfield></marc:datafield><marc:datafield tag="245" ind1="1" ind2="0"><marc:subfield code="a">De auctore libri pseudo-aristotelici περι κοσμου. Dissertatio inauguralis, etc.</marc:subfield></marc:datafield><marc:datafield tag="260" ind1=" " ind2=" "><marc:subfield code="a">Berolini,</marc:subfield><marc:subfield code="c">[1861]</marc:subfield></marc:datafield><marc:datafield tag="300" ind1=" " ind2=" "><marc:subfield code="a">56 p. ;</marc:subfield><marc:subfield code="c">8º.</marc:subfield></marc:datafield><marc:datafield tag="700" ind1="0" ind2=" "><marc:subfield code="a">Aristotle</marc:subfield><marc:subfield code="t">Doubtful or Supposititious Works. De Mundo. Appendix</marc:subfield></marc:datafield><marc:datafield tag="852" ind1="4" ind2="1"><marc:subfield code="a">British Library</marc:subfield><marc:subfield code="b">HMNTS</marc:subfield><marc:subfield code="j">8460.c.24.</marc:subfield></marc:datafield><marc:datafield tag="886" ind1="2" ind2=" "><marc:subfield code="2">blmarc</marc:subfield><marc:subfield code="a">709</marc:subfield><marc:subfield code="b">00</marc:subfield><marc:subfield code="a">ARISTOTLE</marc:subfield><marc:subfield code="t">Doubtful or Supposititious Works</marc:subfield><marc:subfield code="t">De Mundo</marc:subfield><marc:subfield code="t">Appendix</marc:subfield><marc:subfield code="p">8460.c.24.</marc:subfield><marc:subfield code="x">0111350158</marc:subfield></marc:datafield></marc:record>