
<marc:record><marc:leader>00470cam a22001453  4500</marc:leader>
<marc:controlfield tag="001">000013580</marc:controlfield>
<marc:controlfield tag="003">Uk</marc:controlfield><marc:controlfield tag="005">20120120152500.0</marc:controlfield><marc:controlfield tag="008">870814|1885|||||||    ||     ||| |||||  </marc:controlfield><marc:datafield tag="040" ind1=" " ind2=" "><marc:subfield code="a">Uk</marc:subfield><marc:subfield code="c">Uk</marc:subfield></marc:datafield><marc:datafield tag="100" ind1="1" ind2=" "><marc:subfield code="a">ADAM, George,</marc:subfield><marc:subfield code="c">of Prestwick.</marc:subfield></marc:datafield><marc:datafield tag="245" ind1="1" ind2="5"><marc:subfield code="a">&quot;The Ground of one Body&quot;: being a letter on the &quot;Exclusive Question&quot; [of the Plymouth Brethren].</marc:subfield></marc:datafield><marc:datafield tag="260" ind1=" " ind2=" "><marc:subfield code="a">Glasgow :</marc:subfield><marc:subfield code="b">Publishing Office,</marc:subfield><marc:subfield code="c">[1885]</marc:subfield></marc:datafield><marc:datafield tag="300" ind1=" " ind2=" "><marc:subfield code="a">16 p. ;</marc:subfield><marc:subfield code="c">16º.</marc:subfield></marc:datafield><marc:datafield tag="852" ind1="4" ind2="1"><marc:subfield code="a">British Library</marc:subfield><marc:subfield code="b">HMNTS</marc:subfield><marc:subfield code="j">D-4422.aaa.65.(6.)</marc:subfield></marc:datafield></marc:record>