
<marc:record><marc:leader>01084cam a22001573  4500</marc:leader>
<marc:controlfield tag="001">000013585</marc:controlfield>
<marc:controlfield tag="003">Uk</marc:controlfield><marc:controlfield tag="005">20111222151700.0</marc:controlfield><marc:controlfield tag="008">870814|1853||||ii     ||     ||| |||||  </marc:controlfield><marc:datafield tag="040" ind1=" " ind2=" "><marc:subfield code="a">Uk</marc:subfield><marc:subfield code="c">Uk</marc:subfield></marc:datafield><marc:datafield tag="100" ind1="1" ind2=" "><marc:subfield code="a">ADAM, George Ure.</marc:subfield></marc:datafield><marc:datafield tag="245" ind1="1" ind2="0"><marc:subfield code="a">Tables of exchange, arranged decimally, exhibiting the equivalent of any sum, from 1 Pie to Rupees 100, or from 1 Penny to £100 sterling ... To which are added table and rule to find the outturn in India of silver bullion remittances, and a table of the logarithms of exchangeable value, from 1s. 9d. to 5s. 9d., etc.</marc:subfield></marc:datafield><marc:datafield tag="260" ind1=" " ind2=" "><marc:subfield code="a">Calcutta :</marc:subfield><marc:subfield code="b">R. C. Lepage &amp; Co.,</marc:subfield><marc:subfield code="c">1853.</marc:subfield></marc:datafield><marc:datafield tag="300" ind1=" " ind2=" "><marc:subfield code="a">56 p. ;</marc:subfield><marc:subfield code="c">8º.</marc:subfield></marc:datafield><marc:datafield tag="775" ind1="0" ind2=" "><marc:subfield code="t">[Tables of exchange, arranged decimally, exhibiting the equivalent of any sum, from 1 Pie to Rupees 100, or from 1 Penny to £100 sterling ... To which are added table and rule to find the outturn in India of silver bullion remittances, and a table of the logarithms of exchangeable value, from 1s. 9d. to 5s. 9d., etc.]</marc:subfield><marc:subfield code="d">pp. xiii. 126. Effingham Wilson: London, 1865. 4º.</marc:subfield><marc:subfield code="w">(Uk)MP1.0000015974.1</marc:subfield></marc:datafield><marc:datafield tag="852" ind1="4" ind2="1"><marc:subfield code="a">British Library</marc:subfield><marc:subfield code="b">HMNTS</marc:subfield><marc:subfield code="j">8532.e.4.</marc:subfield></marc:datafield></marc:record>