
<marc:record><marc:leader>00838cam a22001693  4500</marc:leader>
<marc:controlfield tag="001">000013597</marc:controlfield>
<marc:controlfield tag="003">Uk</marc:controlfield><marc:controlfield tag="005">20110119132500.0</marc:controlfield><marc:controlfield tag="008">870814|1885|||||||    ||     ||| |||||  </marc:controlfield><marc:datafield tag="040" ind1=" " ind2=" "><marc:subfield code="a">Uk</marc:subfield><marc:subfield code="c">Uk</marc:subfield></marc:datafield><marc:datafield tag="100" ind1="1" ind2=" "><marc:subfield code="a">Adam, G. Mercer</marc:subfield><marc:subfield code="q">(Graeme Mercer),</marc:subfield><marc:subfield code="d">1830-1912.</marc:subfield></marc:datafield><marc:datafield tag="245" ind1="1" ind2="0"><marc:subfield code="a">[From Savagery to Civilization.] The Canadian North-West, etc.</marc:subfield></marc:datafield><marc:datafield tag="260" ind1=" " ind2=" "><marc:subfield code="a">Toronto,</marc:subfield><marc:subfield code="c">1885.</marc:subfield></marc:datafield><marc:datafield tag="300" ind1=" " ind2=" "><marc:subfield code="a">408 p. ;</marc:subfield><marc:subfield code="c">8º.</marc:subfield></marc:datafield><marc:datafield tag="500" ind1=" " ind2=" "><marc:subfield code="a">With an appendix on the trial of Louis Riel.</marc:subfield></marc:datafield><marc:datafield tag="787" ind1="0" ind2=" "><marc:subfield code="t">From Savagery to Civilization. The Canadian North-West: its history and its troubles, from the early days of the fur-trade to the era of the railway and the settler; with incidents of travel in the region, and the narrative of three insurrections.</marc:subfield><marc:subfield code="d">pp. 390. Rose Publishing Co.: Toronto, 1885. 8º.</marc:subfield><marc:subfield code="w">(Uk)MP1.0000015984</marc:subfield></marc:datafield><marc:datafield tag="852" ind1="4" ind2="1"><marc:subfield code="a">British Library</marc:subfield><marc:subfield code="b">HMNTS</marc:subfield><marc:subfield code="j">9555.aa.26.</marc:subfield><marc:subfield code="3">[Another issue.]</marc:subfield></marc:datafield></marc:record>