
<marc:record><marc:leader>00693cam a22001693  4500</marc:leader>
<marc:controlfield tag="001">000013599</marc:controlfield>
<marc:controlfield tag="003">Uk</marc:controlfield><marc:controlfield tag="005">20130710174400.0</marc:controlfield><marc:controlfield tag="008">870814|1894||||enk    ||     ||| |||||  </marc:controlfield><marc:datafield tag="040" ind1=" " ind2=" "><marc:subfield code="a">Uk</marc:subfield><marc:subfield code="c">Uk</marc:subfield></marc:datafield><marc:datafield tag="100" ind1="1" ind2=" "><marc:subfield code="a">Adam, G. Mercer</marc:subfield><marc:subfield code="q">(Graeme Mercer),</marc:subfield><marc:subfield code="d">1830-1912.</marc:subfield></marc:datafield><marc:datafield tag="245" ind1="1" ind2="0"><marc:subfield code="a">Sandow on Physical Training; a study in the perfect type of the human form ... preceded by a biography ... Compiled and edited, under Mr. Sandow's direction, by G. Mercer Adam ... Illustrated, etc.</marc:subfield></marc:datafield><marc:datafield tag="260" ind1=" " ind2=" "><marc:subfield code="a">London :</marc:subfield><marc:subfield code="b">Gale &amp; Polden,</marc:subfield><marc:subfield code="c">1894.</marc:subfield></marc:datafield><marc:datafield tag="300" ind1=" " ind2=" "><marc:subfield code="a">xvi, 244 p. ;</marc:subfield><marc:subfield code="c">8º.</marc:subfield></marc:datafield><marc:datafield tag="700" ind1="1" ind2=" "><marc:subfield code="a">Sandow, Eugen,</marc:subfield><marc:subfield code="d">1867-1925.</marc:subfield></marc:datafield><marc:datafield tag="852" ind1="4" ind2="1"><marc:subfield code="a">British Library</marc:subfield><marc:subfield code="b">HMNTS</marc:subfield><marc:subfield code="j">7908.f.28.</marc:subfield></marc:datafield><marc:datafield tag="886" ind1="2" ind2=" "><marc:subfield code="2">blmarc</marc:subfield><marc:subfield code="a">709</marc:subfield><marc:subfield code="b">00</marc:subfield><marc:subfield code="a">SANDOW</marc:subfield><marc:subfield code="h">Eugen</marc:subfield><marc:subfield code="p">7908.f.28.</marc:subfield><marc:subfield code="x">2893090141</marc:subfield></marc:datafield></marc:record>