
<marc:record><marc:leader>00576cam a22001693  4500</marc:leader>
<marc:controlfield tag="001">000013600</marc:controlfield>
<marc:controlfield tag="003">Uk</marc:controlfield><marc:controlfield tag="005">20130503191800.0</marc:controlfield><marc:controlfield tag="008">870814|1887||||enk    ||     ||| |||||  </marc:controlfield><marc:datafield tag="040" ind1=" " ind2=" "><marc:subfield code="a">Uk</marc:subfield><marc:subfield code="c">Uk</marc:subfield></marc:datafield><marc:datafield tag="100" ind1="1" ind2=" "><marc:subfield code="a">Adam, G. Mercer</marc:subfield><marc:subfield code="q">(Graeme Mercer),</marc:subfield><marc:subfield code="d">1830-1912.</marc:subfield></marc:datafield><marc:datafield tag="245" ind1="1" ind2="3"><marc:subfield code="a">An Algonquin Maiden: a romance of the early days of Upper Canada.</marc:subfield></marc:datafield><marc:datafield tag="260" ind1=" " ind2=" "><marc:subfield code="a">London :</marc:subfield><marc:subfield code="b">Sampson Low &amp; Co.,</marc:subfield><marc:subfield code="c">1887.</marc:subfield></marc:datafield><marc:datafield tag="300" ind1=" " ind2=" "><marc:subfield code="a">240 p. ;</marc:subfield><marc:subfield code="c">8º.</marc:subfield></marc:datafield><marc:datafield tag="700" ind1="1" ind2=" "><marc:subfield code="a">WETHERALD, Agnes Ethelwyn.</marc:subfield></marc:datafield><marc:datafield tag="852" ind1="4" ind2="1"><marc:subfield code="a">British Library</marc:subfield><marc:subfield code="b">HMNTS</marc:subfield><marc:subfield code="j">12703.de.25.</marc:subfield></marc:datafield><marc:datafield tag="886" ind1="2" ind2=" "><marc:subfield code="2">blmarc</marc:subfield><marc:subfield code="a">709</marc:subfield><marc:subfield code="b">00</marc:subfield><marc:subfield code="a">WETHERALD</marc:subfield><marc:subfield code="h">Agnes Ethelwyn</marc:subfield><marc:subfield code="p">12703.de.25.</marc:subfield><marc:subfield code="x">3490700309</marc:subfield></marc:datafield></marc:record>