
<marc:record><marc:leader>00447cam a22001453  4500</marc:leader>
<marc:controlfield tag="001">000013672</marc:controlfield>
<marc:controlfield tag="003">Uk</marc:controlfield><marc:controlfield tag="005">20110119132500.0</marc:controlfield><marc:controlfield tag="008">870814|1895|||||||    ||     ||| ||eng  </marc:controlfield><marc:datafield tag="040" ind1=" " ind2=" "><marc:subfield code="a">Uk</marc:subfield><marc:subfield code="c">Uk</marc:subfield></marc:datafield><marc:datafield tag="100" ind1="1" ind2=" "><marc:subfield code="a">ADAM, James,</marc:subfield><marc:subfield code="c">Fellow of Emmanuel College, Cambridge.</marc:subfield></marc:datafield><marc:datafield tag="245" ind1="1" ind2="4"><marc:subfield code="a">The Intellectual and Ethical Value of Classical Education.</marc:subfield></marc:datafield><marc:datafield tag="260" ind1=" " ind2=" "><marc:subfield code="a">Cambridge :</marc:subfield><marc:subfield code="b">D. Bell &amp; Co.,</marc:subfield><marc:subfield code="c">1895.</marc:subfield></marc:datafield><marc:datafield tag="300" ind1=" " ind2=" "><marc:subfield code="a">20 p. ;</marc:subfield><marc:subfield code="c">8º.</marc:subfield></marc:datafield><marc:datafield tag="852" ind1="4" ind2="1"><marc:subfield code="a">British Library</marc:subfield><marc:subfield code="b">HMNTS</marc:subfield><marc:subfield code="j">8304.c.5.(4.)</marc:subfield></marc:datafield></marc:record>