
<marc:record><marc:leader>00787cam a22001573  4500</marc:leader>
<marc:controlfield tag="001">000013864</marc:controlfield>
<marc:controlfield tag="003">Uk</marc:controlfield><marc:controlfield tag="005">20110119132500.0</marc:controlfield><marc:controlfield tag="008">870814|1883|||||||    ||     ||| |||||  </marc:controlfield><marc:datafield tag="040" ind1=" " ind2=" "><marc:subfield code="a">Uk</marc:subfield><marc:subfield code="c">Uk</marc:subfield></marc:datafield><marc:datafield tag="100" ind1="1" ind2=" "><marc:subfield code="a">ADAM, Paul,</marc:subfield><marc:subfield code="c">Buchbindermeister in Düsseldorf.</marc:subfield></marc:datafield><marc:datafield tag="245" ind1="1" ind2="0"><marc:subfield code="a">Systematisches Lehr- und Handbuch der Buchbinderei und der damit zusammenhängenden Fächer in Theorie und Praxis. Unter bewährter Mitwirkung ... bearbeitet und herausgegeben von P. Adam. (Supplement. Belehrung über die neuesten und gebräuchlichsten Maschinen, Werkzeuge und Materiale. Mit 97 Abbildungen und 4 Tafeln Material-Mustern.).</marc:subfield></marc:datafield><marc:datafield tag="260" ind1=" " ind2=" "><marc:subfield code="a">2 Tl. pp. 999. 78. pl. ix. iv. Dresden, [1883-91.]</marc:subfield></marc:datafield><marc:datafield tag="300" ind1=" " ind2=" "><marc:subfield code="a">8º.</marc:subfield></marc:datafield><marc:datafield tag="500" ind1=" " ind2=" "><marc:subfield code="a">Imperfect; wanting pl. I of Tl. 1.</marc:subfield></marc:datafield><marc:datafield tag="852" ind1="4" ind2="1"><marc:subfield code="a">British Library</marc:subfield><marc:subfield code="b">HMNTS</marc:subfield><marc:subfield code="j">D-07945.n.36.</marc:subfield></marc:datafield></marc:record>