
<marc:record><marc:leader>00942cam a22001573  4500</marc:leader>
<marc:controlfield tag="001">000013954</marc:controlfield>
<marc:controlfield tag="003">Uk</marc:controlfield><marc:controlfield tag="005">20110119132500.0</marc:controlfield><marc:controlfield tag="008">870814|1809|||||||    ||     ||| ||eng  </marc:controlfield><marc:datafield tag="040" ind1=" " ind2=" "><marc:subfield code="a">Uk</marc:subfield><marc:subfield code="c">Uk</marc:subfield></marc:datafield><marc:datafield tag="100" ind1="1" ind2=" "><marc:subfield code="a">ADAM, Robert,</marc:subfield><marc:subfield code="c">M.A. .</marc:subfield></marc:datafield><marc:datafield tag="245" ind1="1" ind2="4"><marc:subfield code="a">The Religious World displayed: or, a view of the four grand systems of religion, Judaism, Paganism, Christianity, and Mohammedanism, and of the various ... denominations ... in the Christian world. To which is subjoined, a view of deism and atheism.</marc:subfield></marc:datafield><marc:datafield tag="260" ind1=" " ind2=" "><marc:subfield code="a">3 vol. William Laing, etc.: Edinburgh, 1809.</marc:subfield></marc:datafield><marc:datafield tag="300" ind1=" " ind2=" "><marc:subfield code="a">8º.</marc:subfield></marc:datafield><marc:datafield tag="775" ind1="0" ind2=" "><marc:subfield code="t">[The Religious World displayed: or, a view of the four grand systems of religion, Judaism, Paganism, Christianity, and Mohammedanism, and of the various ... denominations ... in the Christian world. To which is subjoined, a view of deism and atheism.]</marc:subfield><marc:subfield code="d">2 vol. L. B. Seeley &amp; Son: London, 1823. 8º.</marc:subfield><marc:subfield code="w">(Uk)MP1.0000016338.1</marc:subfield></marc:datafield><marc:datafield tag="852" ind1="4" ind2="1"><marc:subfield code="a">British Library</marc:subfield><marc:subfield code="b">HMNTS</marc:subfield><marc:subfield code="j">4520.cc.3.</marc:subfield></marc:datafield></marc:record>