
<marc:record><marc:leader>00992cam a22001693  4500</marc:leader>
<marc:controlfield tag="001">000013955</marc:controlfield>
<marc:controlfield tag="003">Uk</marc:controlfield><marc:controlfield tag="005">20130715184800.0</marc:controlfield><marc:controlfield tag="008">870814|1823||||enk    ||     ||| |||||  </marc:controlfield><marc:datafield tag="040" ind1=" " ind2=" "><marc:subfield code="a">Uk</marc:subfield><marc:subfield code="c">Uk</marc:subfield></marc:datafield><marc:datafield tag="100" ind1="1" ind2=" "><marc:subfield code="a">ADAM, Robert,</marc:subfield><marc:subfield code="c">M.A. .</marc:subfield></marc:datafield><marc:datafield tag="245" ind1="1" ind2="5"><marc:subfield code="a">[The Religious World displayed: or, a view of the four grand systems of religion, Judaism, Paganism, Christianity, and Mohammedanism, and of the various ... denominations ... in the Christian world. To which is subjoined, a view of deism and atheism.]</marc:subfield></marc:datafield><marc:datafield tag="250" ind1=" " ind2=" "><marc:subfield code="a">A new edition, corrected, etc.</marc:subfield></marc:datafield><marc:datafield tag="260" ind1=" " ind2=" "><marc:subfield code="a">London :</marc:subfield><marc:subfield code="b">L. B. Seeley &amp; Son,</marc:subfield><marc:subfield code="c">1823.</marc:subfield></marc:datafield><marc:datafield tag="300" ind1=" " ind2=" "><marc:subfield code="a">2 vol. ;</marc:subfield><marc:subfield code="c">8º.</marc:subfield></marc:datafield><marc:datafield tag="787" ind1="0" ind2=" "><marc:subfield code="t">The Religious World displayed: or, a view of the four grand systems of religion, Judaism, Paganism, Christianity, and Mohammedanism, and of the various ... denominations ... in the Christian world. To which is subjoined, a view of deism and atheism.</marc:subfield><marc:subfield code="d">3 vol. William Laing, etc.: Edinburgh, 1809. 8º.</marc:subfield><marc:subfield code="w">(Uk)MP1.0000016338</marc:subfield></marc:datafield><marc:datafield tag="852" ind1="4" ind2="1"><marc:subfield code="a">British Library</marc:subfield><marc:subfield code="b">HMNTS</marc:subfield><marc:subfield code="j">1123.d.3.</marc:subfield></marc:datafield></marc:record>