
<marc:record><marc:leader>03330cam a22002773  4500</marc:leader>
<marc:controlfield tag="001">000014010</marc:controlfield>
<marc:controlfield tag="003">Uk</marc:controlfield><marc:controlfield tag="005">20111222151700.0</marc:controlfield><marc:controlfield tag="008">870814|1815|||||||    ||     ||| |||||  </marc:controlfield><marc:datafield tag="040" ind1=" " ind2=" "><marc:subfield code="a">Uk</marc:subfield><marc:subfield code="c">Uk</marc:subfield></marc:datafield><marc:datafield tag="100" ind1="1" ind2=" "><marc:subfield code="a">ADAM, Thomas,</marc:subfield><marc:subfield code="c">Rector of Wintringham.</marc:subfield></marc:datafield><marc:datafield tag="245" ind1="1" ind2="0"><marc:subfield code="a">Private Thoughts on Religion ... Extracted from the diary of the Rev. Thomas Adam ... To which is prefixed, a short sketch of his life and character [by James Stillingfleet.] A new edition, carefully corrected. [The editor's advertisement signed: W. R.]</marc:subfield></marc:datafield><marc:datafield tag="260" ind1=" " ind2=" "><marc:subfield code="a">London :</marc:subfield><marc:subfield code="b">Ogles, Duncan &amp; Cochran,</marc:subfield><marc:subfield code="c">1815.</marc:subfield></marc:datafield><marc:datafield tag="300" ind1=" " ind2=" "><marc:subfield code="a">268 p. ;</marc:subfield><marc:subfield code="c">12º.</marc:subfield></marc:datafield><marc:datafield tag="700" ind1="1" ind2=" "><marc:subfield code="a">R., W.</marc:subfield></marc:datafield><marc:datafield tag="700" ind1="1" ind2=" "><marc:subfield code="a">STILLINGFLEET, James,</marc:subfield><marc:subfield code="c">Rector of Hotham.</marc:subfield></marc:datafield><marc:datafield tag="775" ind1="0" ind2=" "><marc:subfield code="t">[Private Thoughts on Religion ... Extracted from the diary of the Rev. Thomas Adam ... To which is prefixed, a short sketch of his life and character [by James Stillingfleet.] A new edition, carefully corrected. [The editor's advertisement signed: W. R.]]</marc:subfield><marc:subfield code="d">pp. 408. Edward Powell: London, 1822. 12º.</marc:subfield><marc:subfield code="w">(Uk)MP1.0000016388.1</marc:subfield></marc:datafield><marc:datafield tag="775" ind1="0" ind2=" "><marc:subfield code="t">[Private Thoughts on Religion ... Extracted from the diary of the Rev. Thomas Adam ... To which is prefixed, a short sketch of his life and character [by James Stillingfleet.] A new edition, carefully corrected. [The editor's advertisement signed: W. R.]]</marc:subfield><marc:subfield code="d">pp. 300. Chalmers &amp; Collins: Glasgow, 1823. 12º.</marc:subfield><marc:subfield code="w">(Uk)MP1.0000016388.2</marc:subfield></marc:datafield><marc:datafield tag="775" ind1="0" ind2=" "><marc:subfield code="t">[Private Thoughts on Religion ... Extracted from the diary of the Rev. Thomas Adam ... To which is prefixed, a short sketch of his life and character [by James Stillingfleet.] A new edition, carefully corrected. [The editor's advertisement signed: W. R.]]</marc:subfield><marc:subfield code="d">pp. xv. 124. R.T.S.: London, 1825. 12º.</marc:subfield><marc:subfield code="w">(Uk)MP1.0000016388.3</marc:subfield></marc:datafield><marc:datafield tag="775" ind1="0" ind2=" "><marc:subfield code="t">[Private Thoughts on Religion ... Extracted from the diary of the Rev. Thomas Adam ... To which is prefixed, a short sketch of his life and character [by James Stillingfleet.] A new edition, carefully corrected. [The editor's advertisement signed: W. R.]]</marc:subfield><marc:subfield code="d">pp. iv. 299. L. B. Seeley &amp; Son: London, 1826. 32º.</marc:subfield><marc:subfield code="w">(Uk)MP1.0000016388.4</marc:subfield></marc:datafield><marc:datafield tag="775" ind1="0" ind2=" "><marc:subfield code="t">[Private Thoughts on Religion ... Extracted from the diary of the Rev. Thomas Adam ... To which is prefixed, a short sketch of his life and character [by James Stillingfleet.] A new edition, carefully corrected. [The editor's advertisement signed: W. R.]]</marc:subfield><marc:subfield code="d">pp. xlv. 129. C. Wood &amp; Son: London, 1831. 12º.</marc:subfield><marc:subfield code="w">(Uk)MP1.0000016388.5</marc:subfield></marc:datafield><marc:datafield tag="775" ind1="0" ind2=" "><marc:subfield code="t">[Private Thoughts on Religion ... Extracted from the diary of the Rev. Thomas Adam ... To which is prefixed, a short sketch of his life and character [by James Stillingfleet.] A new edition, carefully corrected. [The editor's advertisement signed: W. R.]]</marc:subfield><marc:subfield code="n">In Pascal (Blaise) Thoughts, etc. 1833. 8º.</marc:subfield><marc:subfield code="w">(Uk)MP1.0000016388.6</marc:subfield></marc:datafield><marc:datafield tag="775" ind1="0" ind2=" "><marc:subfield code="t">[Private Thoughts on Religion ... Extracted from the diary of the Rev. Thomas Adam ... To which is prefixed, a short sketch of his life and character [by James Stillingfleet.] A new edition, carefully corrected. [The editor's advertisement signed: W. R.]]</marc:subfield><marc:subfield code="d">pp. 224. R.T.S.: London, [1883.] 8º.</marc:subfield><marc:subfield code="w">(Uk)MP1.0000016388.7</marc:subfield></marc:datafield><marc:datafield tag="852" ind1="4" ind2="1"><marc:subfield code="a">British Library</marc:subfield><marc:subfield code="b">HMNTS</marc:subfield><marc:subfield code="j">1508/1375.</marc:subfield></marc:datafield><marc:datafield tag="886" ind1="2" ind2=" "><marc:subfield code="2">blmarc</marc:subfield><marc:subfield code="a">709</marc:subfield><marc:subfield code="b">00</marc:subfield><marc:subfield code="a">R.</marc:subfield><marc:subfield code="h">W.</marc:subfield><marc:subfield code="p">1225.c.25.</marc:subfield><marc:subfield code="x">2684670080</marc:subfield><marc:subfield code="p">1508/1375.</marc:subfield><marc:subfield code="x">2684670080</marc:subfield></marc:datafield><marc:datafield tag="886" ind1="2" ind2=" "><marc:subfield code="2">blmarc</marc:subfield><marc:subfield code="a">709</marc:subfield><marc:subfield code="b">00</marc:subfield><marc:subfield code="a">STILLINGFLEET</marc:subfield><marc:subfield code="h">James</marc:subfield><marc:subfield code="f">Rector of Hotham</marc:subfield><marc:subfield code="p">1225.c.25.</marc:subfield><marc:subfield code="x">3140340273</marc:subfield><marc:subfield code="p">1508/1375.</marc:subfield><marc:subfield code="x">3140340273</marc:subfield><marc:subfield code="p">4402.cc.6.</marc:subfield><marc:subfield code="x">3140340273</marc:subfield></marc:datafield></marc:record>