
<marc:record><marc:leader>01049cam a22001813  4500</marc:leader>
<marc:controlfield tag="001">000014017</marc:controlfield>
<marc:controlfield tag="003">Uk</marc:controlfield><marc:controlfield tag="005">20130503191800.0</marc:controlfield><marc:controlfield tag="008">870814|1883||||enk    ||     ||| |||||  </marc:controlfield><marc:datafield tag="040" ind1=" " ind2=" "><marc:subfield code="a">Uk</marc:subfield><marc:subfield code="c">Uk</marc:subfield></marc:datafield><marc:datafield tag="100" ind1="1" ind2=" "><marc:subfield code="a">ADAM, Thomas,</marc:subfield><marc:subfield code="c">Rector of Wintringham.</marc:subfield></marc:datafield><marc:datafield tag="245" ind1="1" ind2="0"><marc:subfield code="a">[Private Thoughts on Religion ... Extracted from the diary of the Rev. Thomas Adam ... To which is prefixed, a short sketch of his life and character [by James Stillingfleet.] A new edition, carefully corrected. [The editor's advertisement signed: W. R.]]</marc:subfield></marc:datafield><marc:datafield tag="250" ind1=" " ind2=" "><marc:subfield code="a">[Another edition.]</marc:subfield></marc:datafield><marc:datafield tag="260" ind1=" " ind2=" "><marc:subfield code="a">London :</marc:subfield><marc:subfield code="b">R.T.S.,</marc:subfield><marc:subfield code="c">[1883]</marc:subfield></marc:datafield><marc:datafield tag="300" ind1=" " ind2=" "><marc:subfield code="a">224 p. ;</marc:subfield><marc:subfield code="c">8º.</marc:subfield></marc:datafield><marc:datafield tag="490" ind1="0" ind2=" "><marc:subfield code="a">[Companions for a Quiet Hour.]</marc:subfield></marc:datafield><marc:datafield tag="787" ind1="0" ind2=" "><marc:subfield code="t">Private Thoughts on Religion ... Extracted from the diary of the Rev. Thomas Adam ... To which is prefixed, a short sketch of his life and character [by James Stillingfleet.] A new edition, carefully corrected. [The editor's advertisement signed: W. R.]</marc:subfield><marc:subfield code="d">pp. 268. Ogles, Duncan &amp; Cochran: London, 1815. 12º.</marc:subfield><marc:subfield code="w">(Uk)MP1.0000016388</marc:subfield></marc:datafield><marc:datafield tag="852" ind1="4" ind2="1"><marc:subfield code="a">British Library</marc:subfield><marc:subfield code="b">HMNTS</marc:subfield><marc:subfield code="j">MIC.A.6657.(3)</marc:subfield></marc:datafield></marc:record>