
<marc:record><marc:leader>00401cam a22001453  4500</marc:leader>
<marc:controlfield tag="001">000014023</marc:controlfield>
<marc:controlfield tag="003">Uk</marc:controlfield><marc:controlfield tag="005">20130130181900.0</marc:controlfield><marc:controlfield tag="008">870814|1830|||||||    ||     ||| |||||  </marc:controlfield><marc:datafield tag="040" ind1=" " ind2=" "><marc:subfield code="a">Uk</marc:subfield><marc:subfield code="c">Uk</marc:subfield></marc:datafield><marc:datafield tag="100" ind1="1" ind2=" "><marc:subfield code="a">ADAM, Victor.</marc:subfield></marc:datafield><marc:datafield tag="245" ind1="1" ind2="0"><marc:subfield code="a">L'Amateur de chevaux par V. Adam. [12 plates, without letterpress.]</marc:subfield></marc:datafield><marc:datafield tag="260" ind1=" " ind2=" "><marc:subfield code="a">Paris ;</marc:subfield><marc:subfield code="a">London,</marc:subfield><marc:subfield code="c">[1830?]</marc:subfield></marc:datafield><marc:datafield tag="300" ind1=" " ind2=" "><marc:subfield code="c">obl. fol.</marc:subfield></marc:datafield><marc:datafield tag="852" ind1="4" ind2="1"><marc:subfield code="a">British Library</marc:subfield><marc:subfield code="b">HMNTS</marc:subfield><marc:subfield code="j">1820.c.19.</marc:subfield></marc:datafield></marc:record>