
<marc:record><marc:leader>01221cam a22001813  4500</marc:leader>
<marc:controlfield tag="001">000014034</marc:controlfield>
<marc:controlfield tag="003">Uk</marc:controlfield><marc:controlfield tag="005">20121120155926.0</marc:controlfield><marc:controlfield tag="008">870814q18111812stkf   ||     ||| ||eng  </marc:controlfield><marc:datafield tag="040" ind1=" " ind2=" "><marc:subfield code="a">Uk</marc:subfield><marc:subfield code="c">Uk</marc:subfield></marc:datafield><marc:datafield tag="100" ind1="1" ind2=" "><marc:subfield code="a">Adam, William,</marc:subfield><marc:subfield code="d">1689-1748.</marc:subfield></marc:datafield><marc:datafield tag="245" ind1="1" ind2="0"><marc:subfield code="a">Vitruvius Scoticus; being a collection of plans, elevtions and sections of public buildings, noblemen's and gentlemen's houses in Scotland: principally from designs of ... W. Adam.</marc:subfield></marc:datafield><marc:datafield tag="260" ind1=" " ind2=" "><marc:subfield code="a">Edinburgh :</marc:subfield><marc:subfield code="b">printed for Adam Black, and J. &amp; J. Robertson, Edinburgh; T. Underwood, and J. Taylor, London,</marc:subfield><marc:subfield code="c">[1811 or 1812?]</marc:subfield></marc:datafield><marc:datafield tag="300" ind1=" " ind2=" "><marc:subfield code="a">fol.</marc:subfield></marc:datafield><marc:datafield tag="500" ind1=" " ind2=" "><marc:subfield code="a">&quot;Published 29 May 1811, consisting of sheets printed ca. 1764 from plates engraved ca. 1728-40 and 1758?-64&quot; -- RIBA Catalogue.</marc:subfield></marc:datafield><marc:datafield tag="500" ind1=" " ind2=" "><marc:subfield code="a">&quot;... plates engraved from about 1730 and sheets printed in 1746 or shortly after, ... finally [secured] publication in about 1812&quot; -- Adam, William. Vitruvius Scoticus. Facsimile ed. Edinburgh, 1980. Introduction p.6.</marc:subfield></marc:datafield><marc:datafield tag="500" ind1=" " ind2=" "><marc:subfield code="a">British Library Catalogue previously gave a conjectural date of [1780?] but publishers Black, Robertson and Underwood were not active before 1807. Cf. Scottish Book Trade Index and British Book Trade Index.</marc:subfield></marc:datafield><marc:datafield tag="852" ind1="4" ind2="1"><marc:subfield code="a">British Library</marc:subfield><marc:subfield code="b">HMNTS</marc:subfield><marc:subfield code="j">1732.e.5.</marc:subfield></marc:datafield></marc:record>