
<marc:record><marc:leader>00804cam a22001813  4500</marc:leader>
<marc:controlfield tag="001">000014049</marc:controlfield>
<marc:controlfield tag="003">Uk</marc:controlfield><marc:controlfield tag="005">20130611183900.0</marc:controlfield><marc:controlfield tag="008">001107|1843|||||||    ||     ||| |||||  </marc:controlfield><marc:datafield tag="040" ind1=" " ind2=" "><marc:subfield code="a">Uk</marc:subfield><marc:subfield code="c">Uk</marc:subfield></marc:datafield><marc:datafield tag="100" ind1="1" ind2=" "><marc:subfield code="a">Adam, William,</marc:subfield><marc:subfield code="d">-1873.</marc:subfield></marc:datafield><marc:datafield tag="245" ind1="1" ind2="5"><marc:subfield code="a">[The Gem of the Peak; or, Matlock Bath and its vicinity, etc.]</marc:subfield></marc:datafield><marc:datafield tag="250" ind1=" " ind2=" "><marc:subfield code="a">Third edition.</marc:subfield></marc:datafield><marc:datafield tag="260" ind1=" " ind2=" "><marc:subfield code="a">London: Longman &amp; Co. [and 7 others], 1843.</marc:subfield></marc:datafield><marc:datafield tag="300" ind1=" " ind2=" "><marc:subfield code="a">xvi, [4], 432, [6]p., [13] leaves of plates, 1 map., (12º); 19 cm.</marc:subfield></marc:datafield><marc:datafield tag="500" ind1=" " ind2=" "><marc:subfield code="a">Includes index. With a final errata leaf. Includes two folded leaves of plates. Contains [2]p. of advertisements at end of text.</marc:subfield></marc:datafield><marc:datafield tag="787" ind1="0" ind2=" "><marc:subfield code="t">The Gem of the Peak; or, Matlock Bath and its vicinity, etc.</marc:subfield><marc:subfield code="d">pp. 256. Longman &amp; Co.: London, [1838.] 8º.</marc:subfield><marc:subfield code="w">(Uk)MP1.0000016418</marc:subfield></marc:datafield><marc:datafield tag="852" ind1="4" ind2="1"><marc:subfield code="a">British Library</marc:subfield><marc:subfield code="b">HMNTS</marc:subfield><marc:subfield code="j">RB.23.a.20814.</marc:subfield></marc:datafield></marc:record>