
<marc:record><marc:leader>00435cam a22001453  4500</marc:leader>
<marc:controlfield tag="001">000014050</marc:controlfield>
<marc:controlfield tag="003">Uk</marc:controlfield><marc:controlfield tag="005">20130615210700.0</marc:controlfield><marc:controlfield tag="008">870814|1851|||||||    ||     ||| ||eng  </marc:controlfield><marc:datafield tag="040" ind1=" " ind2=" "><marc:subfield code="a">Uk</marc:subfield><marc:subfield code="c">Uk</marc:subfield></marc:datafield><marc:datafield tag="100" ind1="1" ind2=" "><marc:subfield code="a">Adam, William,</marc:subfield><marc:subfield code="d">-1873.</marc:subfield></marc:datafield><marc:datafield tag="245" ind1="1" ind2="4"><marc:subfield code="a">The gem of the Peak ... Fifth edition.</marc:subfield></marc:datafield><marc:datafield tag="260" ind1=" " ind2=" "><marc:subfield code="a">Derby ;</marc:subfield><marc:subfield code="a">London :</marc:subfield><marc:subfield code="b">John &amp; Charles Mozley,</marc:subfield><marc:subfield code="c">1851.</marc:subfield></marc:datafield><marc:datafield tag="300" ind1=" " ind2=" "><marc:subfield code="a">x, 401 p. :</marc:subfield><marc:subfield code="b">plates, ill., map ;</marc:subfield><marc:subfield code="c">19 cm.</marc:subfield></marc:datafield><marc:datafield tag="852" ind1="4" ind2="1"><marc:subfield code="a">British Library</marc:subfield><marc:subfield code="b">HMNTS</marc:subfield><marc:subfield code="j">1608/4136.</marc:subfield></marc:datafield></marc:record>