
<marc:record><marc:leader>00718cam a22001693  4500</marc:leader>
<marc:controlfield tag="001">000014053</marc:controlfield>
<marc:controlfield tag="003">Uk</marc:controlfield><marc:controlfield tag="005">20130611183900.0</marc:controlfield><marc:controlfield tag="008">870814|1852|||||||    ||     ||| |||||  </marc:controlfield><marc:datafield tag="040" ind1=" " ind2=" "><marc:subfield code="a">Uk</marc:subfield><marc:subfield code="c">Uk</marc:subfield></marc:datafield><marc:datafield tag="100" ind1="1" ind2=" "><marc:subfield code="a">Adam, William,</marc:subfield><marc:subfield code="d">-1873.</marc:subfield></marc:datafield><marc:datafield tag="245" ind1="1" ind2="0"><marc:subfield code="a">Description of Buxton ... and Castleton ... Eleventh thousand.</marc:subfield></marc:datafield><marc:datafield tag="260" ind1=" " ind2=" "><marc:subfield code="a">Derby :</marc:subfield><marc:subfield code="b">J. &amp; C. Mozley,</marc:subfield><marc:subfield code="c">1852.</marc:subfield></marc:datafield><marc:datafield tag="300" ind1=" " ind2=" "><marc:subfield code="a">80 p. ;</marc:subfield><marc:subfield code="c">12º.</marc:subfield></marc:datafield><marc:datafield tag="787" ind1="0" ind2=" "><marc:subfield code="t">[Description of Buxton ... and Castleton ... Eleventh thousand.]</marc:subfield><marc:subfield code="d">pp. 82. J. &amp; C. Mozley: Derby, [1855?] 12º.</marc:subfield><marc:subfield code="w">(Uk)MP1.0000016422.1</marc:subfield></marc:datafield><marc:datafield tag="787" ind1="0" ind2=" "><marc:subfield code="t">[Description of Buxton ... and Castleton ... Eleventh thousand.]</marc:subfield><marc:subfield code="d">pp. 90. J. &amp; C. Mozley: Derby, [1860?] 8º.</marc:subfield><marc:subfield code="w">(Uk)MP1.0000016422.2</marc:subfield></marc:datafield><marc:datafield tag="852" ind1="4" ind2="1"><marc:subfield code="a">British Library</marc:subfield><marc:subfield code="b">HMNTS</marc:subfield><marc:subfield code="j">10347.aa.6.(4.)</marc:subfield></marc:datafield></marc:record>