
<marc:record><marc:leader>00781cam a22001933  4500</marc:leader>
<marc:controlfield tag="001">000014081</marc:controlfield>
<marc:controlfield tag="003">Uk</marc:controlfield><marc:controlfield tag="005">20111222151700.0</marc:controlfield><marc:controlfield tag="008">870814|1827|||||||    ||     ||| |||||  </marc:controlfield><marc:datafield tag="040" ind1=" " ind2=" "><marc:subfield code="a">Uk</marc:subfield><marc:subfield code="c">Uk</marc:subfield></marc:datafield><marc:datafield tag="100" ind1="1" ind2=" "><marc:subfield code="a">ADAM, William George,</marc:subfield><marc:subfield code="c">and LOWNDES (William Loftus)</marc:subfield></marc:datafield><marc:datafield tag="245" ind1="1" ind2="0"><marc:subfield code="a">Sir William Congreve's case. The following opinion of counsel upon Sir W. Congreve's case is respectfully submitted to the Members of the House of Commons.</marc:subfield></marc:datafield><marc:datafield tag="260" ind1=" " ind2=" "><marc:subfield code="a">[London,</marc:subfield><marc:subfield code="c">1827]</marc:subfield></marc:datafield><marc:datafield tag="300" ind1=" " ind2=" "><marc:subfield code="a">15 p. ;</marc:subfield><marc:subfield code="c">12º.</marc:subfield></marc:datafield><marc:datafield tag="700" ind1="1" ind2=" "><marc:subfield code="a">Congreve, William,</marc:subfield><marc:subfield code="c">Sir,</marc:subfield><marc:subfield code="d">1772-1828.</marc:subfield></marc:datafield><marc:datafield tag="700" ind1="1" ind2=" "><marc:subfield code="a">LOWNDES, William Loftus.</marc:subfield></marc:datafield><marc:datafield tag="852" ind1="4" ind2="1"><marc:subfield code="a">British Library</marc:subfield><marc:subfield code="b">HMNTS</marc:subfield><marc:subfield code="j">1414.a.7.</marc:subfield></marc:datafield><marc:datafield tag="886" ind1="2" ind2=" "><marc:subfield code="2">blmarc</marc:subfield><marc:subfield code="a">709</marc:subfield><marc:subfield code="b">00</marc:subfield><marc:subfield code="a">CONGREVE</marc:subfield><marc:subfield code="e">Sir</marc:subfield><marc:subfield code="h">William</marc:subfield><marc:subfield code="f">Bart.</marc:subfield><marc:subfield code="p">1414.a.7.</marc:subfield><marc:subfield code="x">0680440070</marc:subfield></marc:datafield><marc:datafield tag="886" ind1="2" ind2=" "><marc:subfield code="2">blmarc</marc:subfield><marc:subfield code="a">709</marc:subfield><marc:subfield code="b">00</marc:subfield><marc:subfield code="a">LOWNDES</marc:subfield><marc:subfield code="h">William Loftus</marc:subfield><marc:subfield code="p">1414.a.7.</marc:subfield><marc:subfield code="x">2013860285</marc:subfield></marc:datafield></marc:record>