
<marc:record><marc:leader>00658cam a22001573  4500</marc:leader>
<marc:controlfield tag="001">000014099</marc:controlfield>
<marc:controlfield tag="003">Uk</marc:controlfield><marc:controlfield tag="005">20110119132500.0</marc:controlfield><marc:controlfield tag="008">980116|1893|||||||    ||    |||| |||||  </marc:controlfield><marc:datafield tag="040" ind1=" " ind2=" "><marc:subfield code="a">Uk</marc:subfield><marc:subfield code="c">Uk</marc:subfield></marc:datafield><marc:datafield tag="245" ind1="1" ind2="0"><marc:subfield code="a">[Adamantii Sophistae Physiognomonica. Gr.]</marc:subfield></marc:datafield><marc:datafield tag="250" ind1=" " ind2=" "><marc:subfield code="a">[Another edition.] Cum epitomis Matritensi et Pseudopolemonis.</marc:subfield></marc:datafield><marc:datafield tag="580" ind1=" " ind2=" "><marc:subfield code="a">In: Foerster (P. R.) Scriptores Physiognomonici, etc. vol. 1. 1893. 8º.</marc:subfield></marc:datafield><marc:datafield tag="720" ind1=" " ind2=" "><marc:subfield code="a">ADAMANTIUS, Sophista</marc:subfield><marc:subfield code="e">main entry</marc:subfield></marc:datafield><marc:datafield tag="787" ind1="0" ind2=" "><marc:subfield code="t">Adamantii Sophistae Physiognomonica. Gr.</marc:subfield><marc:subfield code="d">Per regium in Græcis typographum [C. Néobar]: Parisiis, 1540. 8º.</marc:subfield><marc:subfield code="w">(Uk)MP1.0000016466</marc:subfield></marc:datafield><marc:datafield tag="852" ind1="1" ind2="1"><marc:subfield code="a">British Library</marc:subfield><marc:subfield code="b">HMNTS</marc:subfield><marc:subfield code="c">SPHOA</marc:subfield><marc:subfield code="k">HLR</marc:subfield><marc:subfield code="h">888</marc:subfield><marc:subfield code="m">FOE (TN)</marc:subfield></marc:datafield></marc:record>