
<marc:record><marc:leader>00610cam a22001453  4500</marc:leader>
<marc:controlfield tag="001">000014186</marc:controlfield>
<marc:controlfield tag="003">Uk</marc:controlfield><marc:controlfield tag="005">20111222151700.0</marc:controlfield><marc:controlfield tag="008">870814|1865|||||||    ||     ||| |||||  </marc:controlfield><marc:datafield tag="040" ind1=" " ind2=" "><marc:subfield code="a">Uk</marc:subfield><marc:subfield code="c">Uk</marc:subfield></marc:datafield><marc:datafield tag="100" ind1="1" ind2=" "><marc:subfield code="a">ADAMES, Nicolaus,</marc:subfield><marc:subfield code="c">Bishop of Halicarnassus.</marc:subfield></marc:datafield><marc:datafield tag="245" ind1="1" ind2="0"><marc:subfield code="a">Begin. Nikolaus Adames ... Bischof von Halikarnass ... der ehrwürdigen Geistlichkeit und allen Gläubigen meines Sprengels Gruss und Segen im Herrn! [A pastoral letter, communicating an Encyclical Letter of Pius IX. to the clergy of his diocese.]</marc:subfield></marc:datafield><marc:datafield tag="260" ind1=" " ind2=" "><marc:subfield code="a">Luxemburg,</marc:subfield><marc:subfield code="c">[1865]</marc:subfield></marc:datafield><marc:datafield tag="300" ind1=" " ind2=" "><marc:subfield code="a">34 p. ;</marc:subfield><marc:subfield code="c">4º.</marc:subfield></marc:datafield><marc:datafield tag="852" ind1="4" ind2="1"><marc:subfield code="a">British Library</marc:subfield><marc:subfield code="b">HMNTS</marc:subfield><marc:subfield code="j">4445.f.10.</marc:subfield></marc:datafield></marc:record>