
<marc:record><marc:leader>00599cam a22001573  4500</marc:leader>
<marc:controlfield tag="001">000014226</marc:controlfield>
<marc:controlfield tag="003">Uk</marc:controlfield><marc:controlfield tag="005">20120224170000.0</marc:controlfield><marc:controlfield tag="008">870814|1865|||||||    ||     ||| |||||  </marc:controlfield><marc:datafield tag="040" ind1=" " ind2=" "><marc:subfield code="a">Uk</marc:subfield><marc:subfield code="c">Uk</marc:subfield></marc:datafield><marc:datafield tag="100" ind1="1" ind2=" "><marc:subfield code="a">ADAMI, Friedrich.</marc:subfield></marc:datafield><marc:datafield tag="245" ind1="1" ind2="0"><marc:subfield code="a">Aus den Tagen zweier Könige. Vaterländische Erzählungen.</marc:subfield></marc:datafield><marc:datafield tag="260" ind1=" " ind2=" "><marc:subfield code="c">1865.</marc:subfield></marc:datafield><marc:datafield tag="580" ind1=" " ind2=" "><marc:subfield code="a">In : Periodical Publications.-Berlin. Deutsche Roman-Zeitung. Jahrg. 2. Bd. 3, 4. 1864, etc. 4º.</marc:subfield></marc:datafield><marc:datafield tag="775" ind1="0" ind2=" "><marc:subfield code="t">[Aus den Tagen zweier Könige. Vaterländische Erzählungen.]</marc:subfield><marc:subfield code="d">2 Bd. Berlin, 1866. 8º.</marc:subfield><marc:subfield code="w">(Uk)MP1.0000016599.1</marc:subfield></marc:datafield><marc:datafield tag="852" ind1="4" ind2="1"><marc:subfield code="a">British Library</marc:subfield><marc:subfield code="b">HMNTS</marc:subfield><marc:subfield code="j">P.P.4736.ie.</marc:subfield></marc:datafield></marc:record>