
<marc:record><marc:leader>00667cam a2200157 a 4500</marc:leader>
<marc:controlfield tag="001">000014318</marc:controlfield>
<marc:controlfield tag="003">Uk</marc:controlfield><marc:controlfield tag="005">20120829123416.0</marc:controlfield><marc:controlfield tag="008">870814s1825    hu            000 0 hun  </marc:controlfield><marc:datafield tag="040" ind1=" " ind2=" "><marc:subfield code="a">Uk</marc:subfield><marc:subfield code="c">Uk</marc:subfield><marc:subfield code="d">Uk</marc:subfield></marc:datafield><marc:datafield tag="100" ind1="1" ind2=" "><marc:subfield code="a">Adamić, Andrija Ljudevit,</marc:subfield><marc:subfield code="d">1766-1828.</marc:subfield></marc:datafield><marc:datafield tag="245" ind1="1" ind2="0"><marc:subfield code="a">Észre vételek azon módokról, mellyek a' magyar országi kereskedésnek, főképpen az Adriai tenger felé virágzó állapotba való helyheztetésére nézve szükségesek /</marc:subfield><marc:subfield code="c">[Adamich András Lajos].</marc:subfield></marc:datafield><marc:datafield tag="260" ind1=" " ind2=" "><marc:subfield code="a">Po'sonyban :</marc:subfield><marc:subfield code="b">Weber Nyomda,</marc:subfield><marc:subfield code="c">[1825].</marc:subfield></marc:datafield><marc:datafield tag="300" ind1=" " ind2=" "><marc:subfield code="a">[8] p. ;</marc:subfield><marc:subfield code="c">24 cm, 4º.</marc:subfield></marc:datafield><marc:datafield tag="651" ind1=" " ind2="0"><marc:subfield code="a">Hungary</marc:subfield><marc:subfield code="x">Commerce</marc:subfield><marc:subfield code="z">Adriatic Sea Region.</marc:subfield></marc:datafield><marc:datafield tag="852" ind1="4" ind2="1"><marc:subfield code="a">British Library</marc:subfield><marc:subfield code="b">HMNTS</marc:subfield><marc:subfield code="j">Hung.1.d.61.</marc:subfield></marc:datafield></marc:record>