
<marc:record><marc:leader>00595cam a22001453  4500</marc:leader>
<marc:controlfield tag="001">000014349</marc:controlfield>
<marc:controlfield tag="003">Uk</marc:controlfield><marc:controlfield tag="005">20080221152139.0</marc:controlfield><marc:controlfield tag="008">870814s1869    gw     ||     ||| ||lat  </marc:controlfield><marc:datafield tag="040" ind1=" " ind2=" "><marc:subfield code="a">Uk</marc:subfield><marc:subfield code="c">Uk</marc:subfield></marc:datafield><marc:datafield tag="100" ind1="1" ind2=" "><marc:subfield code="a">ADAMKIEWICZ, Hugo.</marc:subfield></marc:datafield><marc:datafield tag="245" ind1="1" ind2="0"><marc:subfield code="a">De successione hypothecaria. Dissertatio inauguralis ... quam ... in alma litterarum universitate Friderica Guilelma ... publice defendit auctor Hugo Adamkiewicz ...</marc:subfield></marc:datafield><marc:datafield tag="260" ind1=" " ind2=" "><marc:subfield code="a">Berolini :</marc:subfield><marc:subfield code="b">typis expressit Gustavus Lange,</marc:subfield><marc:subfield code="c">[1869]</marc:subfield></marc:datafield><marc:datafield tag="300" ind1=" " ind2=" "><marc:subfield code="a">92 p. ; 8º.</marc:subfield></marc:datafield><marc:datafield tag="852" ind1="4" ind2="1"><marc:subfield code="a">British Library</marc:subfield><marc:subfield code="b">HMNTS</marc:subfield><marc:subfield code="j">Mic.A.7399(1)</marc:subfield><marc:subfield code="3">Microfilm; made from a copy in Munich University Library.</marc:subfield></marc:datafield></marc:record>