
<marc:record><marc:leader>00613cam a22001453  4500</marc:leader>
<marc:controlfield tag="001">000014352</marc:controlfield>
<marc:controlfield tag="003">Uk</marc:controlfield><marc:controlfield tag="005">20111222151700.0</marc:controlfield><marc:controlfield tag="008">870814|1832|||||||    ||     ||| |||||  </marc:controlfield><marc:datafield tag="040" ind1=" " ind2=" "><marc:subfield code="a">Uk</marc:subfield><marc:subfield code="c">Uk</marc:subfield></marc:datafield><marc:datafield tag="100" ind1="1" ind2=" "><marc:subfield code="a">ADAMKOVITS, Michael.</marc:subfield></marc:datafield><marc:datafield tag="245" ind1="1" ind2="0"><marc:subfield code="a">Positiones ex universis scientiis politicis, jure cambiomercantili et stilo curiali politico, quas sub praesidio ... Michaelis Adamkovits ... publice propugnandas susceperunt nobiles ... Czárán Emanuel, Balla Andreas de Szilas Balhás, Pucher Josephus [and others], etc.</marc:subfield></marc:datafield><marc:datafield tag="260" ind1=" " ind2=" "><marc:subfield code="a">Posonii,</marc:subfield><marc:subfield code="c">[1832]</marc:subfield></marc:datafield><marc:datafield tag="300" ind1=" " ind2=" "><marc:subfield code="a">16 p. ;</marc:subfield><marc:subfield code="c">8º.</marc:subfield></marc:datafield><marc:datafield tag="852" ind1="4" ind2="1"><marc:subfield code="a">British Library</marc:subfield><marc:subfield code="b">HMNTS</marc:subfield><marc:subfield code="j">Hung.1.n.21.</marc:subfield></marc:datafield></marc:record>