
<marc:record><marc:leader>00763cam a22001573  4500</marc:leader>
<marc:controlfield tag="001">000014355</marc:controlfield>
<marc:controlfield tag="003">Uk</marc:controlfield><marc:controlfield tag="005">20110119132500.0</marc:controlfield><marc:controlfield tag="008">990315|1870|||||||    ||    |||| |||||  </marc:controlfield><marc:datafield tag="040" ind1=" " ind2=" "><marc:subfield code="a">Uk</marc:subfield><marc:subfield code="c">Uk</marc:subfield></marc:datafield><marc:datafield tag="245" ind1="1" ind2="0"><marc:subfield code="a">[Sancti Adamnani ... De locis sanctis ex relatione Arculfi ... De vita S. Columbæ libri tres, etc.]</marc:subfield></marc:datafield><marc:datafield tag="250" ind1=" " ind2=" "><marc:subfield code="a">[Another edition.] Adamnani Abbatis Hiiensis libri III. de Locis Sanctis ex relatione Arculphi Episcopi Galli.</marc:subfield></marc:datafield><marc:datafield tag="580" ind1=" " ind2=" "><marc:subfield code="a">In: Delpit (M.) Essai sur les anciens pélerinages à Jérusalem, etc. 1870. 8º.</marc:subfield></marc:datafield><marc:datafield tag="720" ind1=" " ind2=" "><marc:subfield code="a">ADAMNAN, Saint, Abbot of Hy</marc:subfield><marc:subfield code="e">main entry</marc:subfield></marc:datafield><marc:datafield tag="787" ind1="0" ind2=" "><marc:subfield code="t">Sancti Adamnani ... De locis sanctis ex relatione Arculfi ... De vita S. Columbæ libri tres, etc.</marc:subfield><marc:subfield code="d">1850.</marc:subfield><marc:subfield code="w">(Uk)MP1.0000016729</marc:subfield></marc:datafield><marc:datafield tag="852" ind1="4" ind2="1"><marc:subfield code="a">British Library</marc:subfield><marc:subfield code="b">HMNTS</marc:subfield><marc:subfield code="j">10077.g.15.</marc:subfield></marc:datafield></marc:record>