
<marc:record><marc:leader>00749cam a22001693  4500</marc:leader>
<marc:controlfield tag="001">000014356</marc:controlfield>
<marc:controlfield tag="003">Uk</marc:controlfield><marc:controlfield tag="005">20110119132500.0</marc:controlfield><marc:controlfield tag="008">990315|1898|||||||    ||    |||| |||||  </marc:controlfield><marc:datafield tag="040" ind1=" " ind2=" "><marc:subfield code="a">Uk</marc:subfield><marc:subfield code="c">Uk</marc:subfield></marc:datafield><marc:datafield tag="245" ind1="1" ind2="0"><marc:subfield code="a">[Sancti Adamnani ... De locis sanctis ex relatione Arculfi ... De vita S. Columbæ libri tres, etc.]</marc:subfield></marc:datafield><marc:datafield tag="250" ind1=" " ind2=" "><marc:subfield code="a">[Another edition.]</marc:subfield></marc:datafield><marc:datafield tag="490" ind1="0" ind2=" "><marc:subfield code="a">[Corpus Scriptorum Ecclesiasticorum Latinorum. vol. 39.]</marc:subfield></marc:datafield><marc:datafield tag="580" ind1=" " ind2=" "><marc:subfield code="a">In: Geyer (P.) Itinera Hierosolymitana saeculi iiii.-viii., etc. 1898. 8º.</marc:subfield></marc:datafield><marc:datafield tag="720" ind1=" " ind2=" "><marc:subfield code="a">ADAMNAN, Saint, Abbot of Hy</marc:subfield><marc:subfield code="e">main entry</marc:subfield></marc:datafield><marc:datafield tag="787" ind1="0" ind2=" "><marc:subfield code="t">Sancti Adamnani ... De locis sanctis ex relatione Arculfi ... De vita S. Columbæ libri tres, etc.</marc:subfield><marc:subfield code="d">1850.</marc:subfield><marc:subfield code="w">(Uk)MP1.0000016729</marc:subfield></marc:datafield><marc:datafield tag="852" ind1="1" ind2="1"><marc:subfield code="a">British Library</marc:subfield><marc:subfield code="b">HMNTS</marc:subfield><marc:subfield code="c">SPHOA</marc:subfield><marc:subfield code="k">MSS</marc:subfield><marc:subfield code="h">270 (CS 39</marc:subfield><marc:subfield code="m">)</marc:subfield></marc:datafield></marc:record>