
<marc:record><marc:leader>00936cam a22002053  4500</marc:leader>
<marc:controlfield tag="001">000014369</marc:controlfield>
<marc:controlfield tag="003">Uk</marc:controlfield><marc:controlfield tag="005">20120224170000.0</marc:controlfield><marc:controlfield tag="008">950607|1867|||||||    ||    |||| |||||  </marc:controlfield><marc:datafield tag="040" ind1=" " ind2=" "><marc:subfield code="a">Uk</marc:subfield><marc:subfield code="c">Uk</marc:subfield></marc:datafield><marc:datafield tag="245" ind1="1" ind2="0"><marc:subfield code="a">Vita S. Columbæ, etc.</marc:subfield></marc:datafield><marc:datafield tag="260" ind1=" " ind2=" "><marc:subfield code="c">1867.</marc:subfield></marc:datafield><marc:datafield tag="580" ind1=" " ind2=" "><marc:subfield code="a">In: Bollandus (J.) and Henschenius (G.) Acta Sanctorum, etc. [9 June.] vol. 22. [1863, etc.] fol.</marc:subfield></marc:datafield><marc:datafield tag="720" ind1=" " ind2=" "><marc:subfield code="a">ADAMNAN, Saint, Abbot of Hy</marc:subfield><marc:subfield code="e">main entry</marc:subfield></marc:datafield><marc:datafield tag="720" ind1=" " ind2=" "><marc:subfield code="a">COLUMBA, Saint, also known as Columkille</marc:subfield></marc:datafield><marc:datafield tag="720" ind1=" " ind2=" "><marc:subfield code="a">CUMINEUS, Saint, Abbot of Hy, called Albus</marc:subfield></marc:datafield><marc:datafield tag="775" ind1="0" ind2=" "><marc:subfield code="t">[Vita S. Columbæ, etc.]</marc:subfield><marc:subfield code="d">pp. xciv. 201. Clarendon Press: Oxford, 1894. 8º.</marc:subfield><marc:subfield code="w">(Uk)MP1.0000016739.1</marc:subfield></marc:datafield><marc:datafield tag="775" ind1="0" ind2=" "><marc:subfield code="t">[Vita S. Columbæ, etc.]</marc:subfield><marc:subfield code="d">pp. 280. Clarendon Press: Oxford, 1920. 8º.</marc:subfield><marc:subfield code="w">(Uk)MP1.0000016739.2</marc:subfield></marc:datafield><marc:datafield tag="852" ind1="4" ind2="1"><marc:subfield code="a">British Library</marc:subfield><marc:subfield code="b">HMNTS</marc:subfield><marc:subfield code="j">L.23.a.1.</marc:subfield></marc:datafield><marc:datafield tag="886" ind1="2" ind2=" "><marc:subfield code="2">blmarc</marc:subfield><marc:subfield code="a">709</marc:subfield><marc:subfield code="b">00</marc:subfield><marc:subfield code="a">COLUMBA, Saint, also known as Columkille</marc:subfield><marc:subfield code="p">L.23.a.1.</marc:subfield><marc:subfield code="x">066510006X</marc:subfield><marc:subfield code="p">4829.cc.1.</marc:subfield><marc:subfield code="x">066510006X</marc:subfield><marc:subfield code="p">4830.aaa.22.</marc:subfield><marc:subfield code="x">066510006X</marc:subfield></marc:datafield></marc:record>