
<marc:record><marc:leader>01111cam a22002413  4500</marc:leader>
<marc:controlfield tag="001">000014370</marc:controlfield>
<marc:controlfield tag="003">Uk</marc:controlfield><marc:controlfield tag="005">20130501182900.0</marc:controlfield><marc:controlfield tag="008">950607|1894||||enk    ||    |||| |||||  </marc:controlfield><marc:datafield tag="040" ind1=" " ind2=" "><marc:subfield code="a">Uk</marc:subfield><marc:subfield code="c">Uk</marc:subfield></marc:datafield><marc:datafield tag="245" ind1="1" ind2="0"><marc:subfield code="a">[Vita S. Columbæ, etc.]</marc:subfield></marc:datafield><marc:datafield tag="250" ind1=" " ind2=" "><marc:subfield code="a">[Another edition.] Edited from Dr. Reeve's text with an introduction on early Irish church history, notes, and a glossary by J. T. Fowler.</marc:subfield></marc:datafield><marc:datafield tag="260" ind1=" " ind2=" "><marc:subfield code="a">Oxford :</marc:subfield><marc:subfield code="b">Clarendon Press,</marc:subfield><marc:subfield code="c">1894.</marc:subfield></marc:datafield><marc:datafield tag="300" ind1=" " ind2=" "><marc:subfield code="a">xciv, 201 p. ;</marc:subfield><marc:subfield code="c">8º.</marc:subfield></marc:datafield><marc:datafield tag="700" ind1="1" ind2=" "><marc:subfield code="a">FOWLER, Joseph Thomas.</marc:subfield></marc:datafield><marc:datafield tag="700" ind1="1" ind2=" "><marc:subfield code="a">REEVES, William,</marc:subfield><marc:subfield code="c">Bishop of Down.</marc:subfield></marc:datafield><marc:datafield tag="720" ind1=" " ind2=" "><marc:subfield code="a">ADAMNAN, Saint, Abbot of Hy</marc:subfield><marc:subfield code="e">main entry</marc:subfield></marc:datafield><marc:datafield tag="720" ind1=" " ind2=" "><marc:subfield code="a">COLUMBA, Saint, also known as Columkille</marc:subfield></marc:datafield><marc:datafield tag="787" ind1="0" ind2=" "><marc:subfield code="t">Vita S. Columbæ, etc.</marc:subfield><marc:subfield code="d">1867.</marc:subfield><marc:subfield code="w">(Uk)MP1.0000016739</marc:subfield></marc:datafield><marc:datafield tag="852" ind1="4" ind2="1"><marc:subfield code="a">British Library</marc:subfield><marc:subfield code="b">HMNTS</marc:subfield><marc:subfield code="j">4829.cc.1.</marc:subfield></marc:datafield><marc:datafield tag="886" ind1="2" ind2=" "><marc:subfield code="2">blmarc</marc:subfield><marc:subfield code="a">709</marc:subfield><marc:subfield code="b">00</marc:subfield><marc:subfield code="a">COLUMBA, Saint, also known as Columkille</marc:subfield><marc:subfield code="p">L.23.a.1.</marc:subfield><marc:subfield code="x">066510006X</marc:subfield><marc:subfield code="p">4829.cc.1.</marc:subfield><marc:subfield code="x">066510006X</marc:subfield><marc:subfield code="p">4830.aaa.22.</marc:subfield><marc:subfield code="x">066510006X</marc:subfield></marc:datafield><marc:datafield tag="886" ind1="2" ind2=" "><marc:subfield code="2">blmarc</marc:subfield><marc:subfield code="a">709</marc:subfield><marc:subfield code="b">00</marc:subfield><marc:subfield code="a">FOWLER</marc:subfield><marc:subfield code="h">Joseph Thomas</marc:subfield><marc:subfield code="p">4829.cc.1.</marc:subfield><marc:subfield code="x">1123280134</marc:subfield><marc:subfield code="p">4830.aaa.22.</marc:subfield><marc:subfield code="x">1123280150</marc:subfield></marc:datafield><marc:datafield tag="886" ind1="2" ind2=" "><marc:subfield code="2">blmarc</marc:subfield><marc:subfield code="a">709</marc:subfield><marc:subfield code="b">00</marc:subfield><marc:subfield code="a">REEVES</marc:subfield><marc:subfield code="h">William</marc:subfield><marc:subfield code="f">Bishop of Down</marc:subfield><marc:subfield code="p">4829.cc.1.</marc:subfield><marc:subfield code="x">2722100088</marc:subfield></marc:datafield></marc:record>