
<marc:record><marc:leader>01243cam a22002533  4500</marc:leader>
<marc:controlfield tag="001">000014374</marc:controlfield>
<marc:controlfield tag="003">Uk</marc:controlfield><marc:controlfield tag="005">20120203162600.0</marc:controlfield><marc:controlfield tag="008">990223|1874|||||||    ||    |||| |||||  </marc:controlfield><marc:datafield tag="040" ind1=" " ind2=" "><marc:subfield code="a">Uk</marc:subfield><marc:subfield code="c">Uk</marc:subfield></marc:datafield><marc:datafield tag="245" ind1="1" ind2="0"><marc:subfield code="a">Life of Saint Columba ... Written by Adamnan, etc. Edited by William Reeves. [A new edition, with an English translation prepared under the superintendence of the Bishop of Brechin, and the notes rearranged by W. F. Skene.] Lat. &amp; Eng.</marc:subfield></marc:datafield><marc:datafield tag="260" ind1=" " ind2=" "><marc:subfield code="a">Edinburgh :</marc:subfield><marc:subfield code="b">Edmonton &amp; Douglas,</marc:subfield><marc:subfield code="c">1874.</marc:subfield></marc:datafield><marc:datafield tag="300" ind1=" " ind2=" "><marc:subfield code="a">clxxxiv, 385 p. ;</marc:subfield><marc:subfield code="c">8º.</marc:subfield></marc:datafield><marc:datafield tag="490" ind1="0" ind2=" "><marc:subfield code="a">[Historians of Scotland. vol. 6.]</marc:subfield></marc:datafield><marc:datafield tag="700" ind1="1" ind2=" "><marc:subfield code="a">FORBES, Alexander Penrose,</marc:subfield><marc:subfield code="c">Bishop of Brechin.</marc:subfield></marc:datafield><marc:datafield tag="700" ind1="1" ind2=" "><marc:subfield code="a">REEVES, William,</marc:subfield><marc:subfield code="c">Bishop of Down.</marc:subfield></marc:datafield><marc:datafield tag="700" ind1="1" ind2=" "><marc:subfield code="a">SKENE, William Forbes.</marc:subfield></marc:datafield><marc:datafield tag="720" ind1=" " ind2=" "><marc:subfield code="a">ADAMNAN, Saint, Abbot of Hy</marc:subfield><marc:subfield code="e">main entry</marc:subfield></marc:datafield><marc:datafield tag="720" ind1=" " ind2=" "><marc:subfield code="a">COLUMBA, Saint, also known as Columkille</marc:subfield></marc:datafield><marc:datafield tag="852" ind1="4" ind2="1"><marc:subfield code="a">British Library</marc:subfield><marc:subfield code="b">HMNTS</marc:subfield><marc:subfield code="j">YA.1997.a.6279.</marc:subfield></marc:datafield><marc:datafield tag="886" ind1="2" ind2=" "><marc:subfield code="2">blmarc</marc:subfield><marc:subfield code="a">709</marc:subfield><marc:subfield code="b">00</marc:subfield><marc:subfield code="a">COLUMBA, Saint, also known as Columkille</marc:subfield><marc:subfield code="p">2072.d.</marc:subfield><marc:subfield code="x">0665100078</marc:subfield></marc:datafield><marc:datafield tag="886" ind1="2" ind2=" "><marc:subfield code="2">blmarc</marc:subfield><marc:subfield code="a">709</marc:subfield><marc:subfield code="b">00</marc:subfield><marc:subfield code="a">FORBES</marc:subfield><marc:subfield code="h">Alexander Penrose</marc:subfield><marc:subfield code="f">Bishop of Brechin</marc:subfield><marc:subfield code="p">2072.d.</marc:subfield><marc:subfield code="x">111219035X</marc:subfield></marc:datafield><marc:datafield tag="886" ind1="2" ind2=" "><marc:subfield code="2">blmarc</marc:subfield><marc:subfield code="a">709</marc:subfield><marc:subfield code="b">00</marc:subfield><marc:subfield code="a">REEVES</marc:subfield><marc:subfield code="h">William</marc:subfield><marc:subfield code="f">Bishop of Down</marc:subfield><marc:subfield code="p">2072.d.</marc:subfield><marc:subfield code="x">272210007X</marc:subfield></marc:datafield><marc:datafield tag="886" ind1="2" ind2=" "><marc:subfield code="2">blmarc</marc:subfield><marc:subfield code="a">709</marc:subfield><marc:subfield code="b">00</marc:subfield><marc:subfield code="a">SKENE</marc:subfield><marc:subfield code="h">William Forbes</marc:subfield><marc:subfield code="p">2072.d.</marc:subfield><marc:subfield code="x">304150006X</marc:subfield></marc:datafield></marc:record>