
<marc:record><marc:leader>01200cam a22002653  4500</marc:leader>
<marc:controlfield tag="001">000014564</marc:controlfield>
<marc:controlfield tag="003">Uk</marc:controlfield><marc:controlfield tag="005">20121115180900.0</marc:controlfield><marc:controlfield tag="008">010329|1850|||||||    ||     ||| ||eng  </marc:controlfield><marc:datafield tag="040" ind1=" " ind2=" "><marc:subfield code="a">Uk</marc:subfield><marc:subfield code="c">Uk</marc:subfield></marc:datafield><marc:datafield tag="100" ind1="1" ind2=" "><marc:subfield code="a">ADAMS, Arthur,</marc:subfield><marc:subfield code="c">F.L.S., R.N.</marc:subfield></marc:datafield><marc:datafield tag="245" ind1="1" ind2="4"><marc:subfield code="a">The Zoology of the Voyage of H.M.S. Samarang ... during the years 1843-1846. By John Edward Gray ... Sir John Richardson ... A. Adams ... Lovell Reeve ... and Adam White ... Edited by A. Adams. [With plates.]</marc:subfield></marc:datafield><marc:datafield tag="260" ind1=" " ind2=" "><marc:subfield code="a">London :</marc:subfield><marc:subfield code="b">Reeve &amp; Benham,</marc:subfield><marc:subfield code="c">1850 [1848-50]</marc:subfield></marc:datafield><marc:datafield tag="300" ind1=" " ind2=" "><marc:subfield code="a">4 pt. ;</marc:subfield><marc:subfield code="c">4º.</marc:subfield></marc:datafield><marc:datafield tag="650" ind1=" " ind2="0"><marc:subfield code="a">Zoology</marc:subfield><marc:subfield code="z">Asia, Southeastern.</marc:subfield></marc:datafield><marc:datafield tag="700" ind1="1" ind2=" "><marc:subfield code="a">Gray, John Edward,</marc:subfield><marc:subfield code="d">1800-1875.</marc:subfield></marc:datafield><marc:datafield tag="700" ind1="1" ind2=" "><marc:subfield code="a">REEVE, Lovell Augustus.</marc:subfield></marc:datafield><marc:datafield tag="700" ind1="1" ind2=" "><marc:subfield code="a">RICHARDSON, John,</marc:subfield><marc:subfield code="c">Sir,</marc:subfield><marc:subfield code="c">M.D.</marc:subfield></marc:datafield><marc:datafield tag="700" ind1="1" ind2=" "><marc:subfield code="a">White, Adam,</marc:subfield><marc:subfield code="d">1817-1879.</marc:subfield></marc:datafield><marc:datafield tag="852" ind1="4" ind2="1"><marc:subfield code="a">British Library</marc:subfield><marc:subfield code="b">HMNTS</marc:subfield><marc:subfield code="j">7205.g.4.</marc:subfield></marc:datafield><marc:datafield tag="852" ind1="4" ind2="1"><marc:subfield code="a">British Library</marc:subfield><marc:subfield code="b">OC</marc:subfield><marc:subfield code="j">W 5271</marc:subfield><marc:subfield code="3">[Another copy.]***Held in OIOC.</marc:subfield></marc:datafield><marc:datafield tag="886" ind1="2" ind2=" "><marc:subfield code="2">blmarc</marc:subfield><marc:subfield code="a">709</marc:subfield><marc:subfield code="b">00</marc:subfield><marc:subfield code="a">GRAY</marc:subfield><marc:subfield code="h">John Edward</marc:subfield><marc:subfield code="p">7205.g.4.</marc:subfield><marc:subfield code="x">1311530223</marc:subfield></marc:datafield><marc:datafield tag="886" ind1="2" ind2=" "><marc:subfield code="2">blmarc</marc:subfield><marc:subfield code="a">709</marc:subfield><marc:subfield code="b">00</marc:subfield><marc:subfield code="a">REEVE</marc:subfield><marc:subfield code="h">Lovell Augustus</marc:subfield><marc:subfield code="p">7205.g.4.</marc:subfield><marc:subfield code="x">2721950339</marc:subfield></marc:datafield><marc:datafield tag="886" ind1="2" ind2=" "><marc:subfield code="2">blmarc</marc:subfield><marc:subfield code="a">709</marc:subfield><marc:subfield code="b">00</marc:subfield><marc:subfield code="a">RICHARDSON</marc:subfield><marc:subfield code="e">Sir</marc:subfield><marc:subfield code="h">John</marc:subfield><marc:subfield code="f">M.D.</marc:subfield><marc:subfield code="p">7205.g.4.</marc:subfield><marc:subfield code="x">2752810172</marc:subfield></marc:datafield><marc:datafield tag="886" ind1="2" ind2=" "><marc:subfield code="2">blmarc</marc:subfield><marc:subfield code="a">709</marc:subfield><marc:subfield code="b">00</marc:subfield><marc:subfield code="a">WHITE</marc:subfield><marc:subfield code="h">Adam</marc:subfield><marc:subfield code="f">of the British Museum</marc:subfield><marc:subfield code="p">7205.g.4.</marc:subfield><marc:subfield code="x">3493700067</marc:subfield></marc:datafield></marc:record>