
<marc:record><marc:leader>00721cam a22001813  4500</marc:leader>
<marc:controlfield tag="001">000014633</marc:controlfield>
<marc:controlfield tag="003">Uk</marc:controlfield><marc:controlfield tag="005">20130611183900.0</marc:controlfield><marc:controlfield tag="008">870814|1883||||enk    ||     ||| |||||  </marc:controlfield><marc:datafield tag="040" ind1=" " ind2=" "><marc:subfield code="a">Uk</marc:subfield><marc:subfield code="c">Uk</marc:subfield></marc:datafield><marc:datafield tag="100" ind1="1" ind2=" "><marc:subfield code="a">Laffan, De Courcy,</marc:subfield><marc:subfield code="c">Mrs.,</marc:subfield><marc:subfield code="d">-1912.</marc:subfield></marc:datafield><marc:datafield tag="245" ind1="1" ind2="0"><marc:subfield code="a">Geoffrey Stirling. A novel.</marc:subfield></marc:datafield><marc:datafield tag="260" ind1=" " ind2=" "><marc:subfield code="a">London :</marc:subfield><marc:subfield code="b">Chapman &amp; Hall,</marc:subfield><marc:subfield code="c">1883.</marc:subfield></marc:datafield><marc:datafield tag="300" ind1=" " ind2=" "><marc:subfield code="a">3 vol. ;</marc:subfield><marc:subfield code="c">8º.</marc:subfield></marc:datafield><marc:datafield tag="775" ind1="0" ind2=" "><marc:subfield code="t">[Geoffrey Stirling. A novel.]</marc:subfield><marc:subfield code="d">pp. 397. W. S. Sonnenschein &amp; Co.: London, 1885. 8º.</marc:subfield><marc:subfield code="w">(Uk)MP1.0000017008.1</marc:subfield></marc:datafield><marc:datafield tag="775" ind1="0" ind2=" "><marc:subfield code="t">[Geoffrey Stirling. A novel.]</marc:subfield><marc:subfield code="d">pp. 397. Jarrold &amp; Sons: London, [1893.] 8º.</marc:subfield><marc:subfield code="w">(Uk)MP1.0000017008.3</marc:subfield></marc:datafield><marc:datafield tag="787" ind1="0" ind2=" "><marc:subfield code="t">[Geoffrey Stirling. A novel.]</marc:subfield><marc:subfield code="d">London, [1905.] 8º.</marc:subfield><marc:subfield code="w">(Uk)MP1.0000017008.4</marc:subfield></marc:datafield><marc:datafield tag="852" ind1="4" ind2="1"><marc:subfield code="a">British Library</marc:subfield><marc:subfield code="b">HMNTS</marc:subfield><marc:subfield code="j">12635.r.2.</marc:subfield></marc:datafield></marc:record>