
<marc:record><marc:leader>00515cam a22001573  4500</marc:leader>
<marc:controlfield tag="001">000014640</marc:controlfield>
<marc:controlfield tag="003">Uk</marc:controlfield><marc:controlfield tag="005">20130611183900.0</marc:controlfield><marc:controlfield tag="008">870814|1879||||enk    ||     ||| |||||  </marc:controlfield><marc:datafield tag="040" ind1=" " ind2=" "><marc:subfield code="a">Uk</marc:subfield><marc:subfield code="c">Uk</marc:subfield></marc:datafield><marc:datafield tag="100" ind1="1" ind2=" "><marc:subfield code="a">Laffan, De Courcy,</marc:subfield><marc:subfield code="c">Mrs.,</marc:subfield><marc:subfield code="d">-1912.</marc:subfield></marc:datafield><marc:datafield tag="245" ind1="1" ind2="0"><marc:subfield code="a">Madelon Lemoine. [A novel.]</marc:subfield></marc:datafield><marc:datafield tag="260" ind1=" " ind2=" "><marc:subfield code="a">London :</marc:subfield><marc:subfield code="b">Hurst &amp; Blackett,</marc:subfield><marc:subfield code="c">1879.</marc:subfield></marc:datafield><marc:datafield tag="300" ind1=" " ind2=" "><marc:subfield code="a">3 vol. ;</marc:subfield><marc:subfield code="c">8º.</marc:subfield></marc:datafield><marc:datafield tag="775" ind1="0" ind2=" "><marc:subfield code="t">[Madelon Lemoine. [A novel.]]</marc:subfield><marc:subfield code="d">pp. 549. S. Sonnenschein &amp; Co.: London, 1885. 8º.</marc:subfield><marc:subfield code="w">(Uk)MP1.0000017011.1</marc:subfield></marc:datafield><marc:datafield tag="852" ind1="4" ind2="1"><marc:subfield code="a">British Library</marc:subfield><marc:subfield code="b">HMNTS</marc:subfield><marc:subfield code="j">12625.l.2.</marc:subfield></marc:datafield></marc:record>