
<marc:record><marc:leader>00724cam a22001693  4500</marc:leader>
<marc:controlfield tag="001">000014699</marc:controlfield>
<marc:controlfield tag="003">Uk</marc:controlfield><marc:controlfield tag="005">20130523175500.0</marc:controlfield><marc:controlfield tag="008">870814|1877||||stk    ||     ||| |||||  </marc:controlfield><marc:datafield tag="040" ind1=" " ind2=" "><marc:subfield code="a">Uk</marc:subfield><marc:subfield code="c">Uk</marc:subfield></marc:datafield><marc:datafield tag="100" ind1="1" ind2=" "><marc:subfield code="a">ADAMS, Charles,</marc:subfield><marc:subfield code="c">Major.</marc:subfield></marc:datafield><marc:datafield tag="245" ind1="1" ind2="0"><marc:subfield code="a">Great Campaigns. A succinct account of the principal military operations which have taken place in Europe from 1796 to 1870. Edited from the lectures and writings of the late Major C. Adams ... by Captain C. Cooper King. [With maps.]</marc:subfield></marc:datafield><marc:datafield tag="260" ind1=" " ind2=" "><marc:subfield code="a">Edinburgh ;</marc:subfield><marc:subfield code="a">London :</marc:subfield><marc:subfield code="b">W. Blackwood &amp; Sons,</marc:subfield><marc:subfield code="c">1877.</marc:subfield></marc:datafield><marc:datafield tag="300" ind1=" " ind2=" "><marc:subfield code="a">x, 634 p. ;</marc:subfield><marc:subfield code="c">8º.</marc:subfield></marc:datafield><marc:datafield tag="700" ind1="1" ind2=" "><marc:subfield code="a">KING, Charles Cooper.</marc:subfield></marc:datafield><marc:datafield tag="852" ind1="4" ind2="1"><marc:subfield code="a">British Library</marc:subfield><marc:subfield code="b">HMNTS</marc:subfield><marc:subfield code="j">9073.f.5.</marc:subfield></marc:datafield><marc:datafield tag="886" ind1="2" ind2=" "><marc:subfield code="2">blmarc</marc:subfield><marc:subfield code="a">709</marc:subfield><marc:subfield code="b">00</marc:subfield><marc:subfield code="a">KING</marc:subfield><marc:subfield code="h">Charles Cooper</marc:subfield><marc:subfield code="p">9073.f.5.</marc:subfield><marc:subfield code="x">1743020287</marc:subfield></marc:datafield></marc:record>