
<marc:record><marc:leader>00880cam a22001693  4500</marc:leader>
<marc:controlfield tag="001">000014701</marc:controlfield>
<marc:controlfield tag="003">Uk</marc:controlfield><marc:controlfield tag="005">20130710174400.0</marc:controlfield><marc:controlfield tag="008">870814|1882||||enk    ||     ||| ||eng  </marc:controlfield><marc:datafield tag="040" ind1=" " ind2=" "><marc:subfield code="a">Uk</marc:subfield><marc:subfield code="c">Uk</marc:subfield></marc:datafield><marc:datafield tag="100" ind1="1" ind2=" "><marc:subfield code="a">ADAMS, Charles,</marc:subfield><marc:subfield code="c">Secretary of the Victoria Street Society for the Protection of Animals from Vivisection.</marc:subfield></marc:datafield><marc:datafield tag="245" ind1="1" ind2="4"><marc:subfield code="a">The Coward Science. Our answer to Prof. Owen.</marc:subfield></marc:datafield><marc:datafield tag="260" ind1=" " ind2=" "><marc:subfield code="a">London :</marc:subfield><marc:subfield code="b">Hatchards,</marc:subfield><marc:subfield code="c">1882.</marc:subfield></marc:datafield><marc:datafield tag="300" ind1=" " ind2=" "><marc:subfield code="a">viii, 285 p. ;</marc:subfield><marc:subfield code="c">8º.</marc:subfield></marc:datafield><marc:datafield tag="700" ind1="1" ind2=" "><marc:subfield code="a">OWEN, Richard,</marc:subfield><marc:subfield code="c">Sir,</marc:subfield><marc:subfield code="c">K.C.B..</marc:subfield><marc:subfield code="t">Experimental Physiology, its benefits to mankind. With an address on unveiling the statue of William Harvey at Folkestone, ... 1881.</marc:subfield></marc:datafield><marc:datafield tag="852" ind1="4" ind2="1"><marc:subfield code="a">British Library</marc:subfield><marc:subfield code="b">HMNTS</marc:subfield><marc:subfield code="j">8425.f.8.</marc:subfield></marc:datafield><marc:datafield tag="886" ind1="2" ind2=" "><marc:subfield code="2">blmarc</marc:subfield><marc:subfield code="a">709</marc:subfield><marc:subfield code="b">00</marc:subfield><marc:subfield code="a">OWEN</marc:subfield><marc:subfield code="e">Sir</marc:subfield><marc:subfield code="h">Richard</marc:subfield><marc:subfield code="f">K.C.B.</marc:subfield><marc:subfield code="t">Experimental Physiology, its benefits to mankind. With an address on unveiling the statue of William Harvey at Folkestone, ... 1881.</marc:subfield><marc:subfield code="p">8425.f.8.</marc:subfield><marc:subfield code="x">2442210363</marc:subfield></marc:datafield></marc:record>