
<marc:record><marc:leader>00662cam a22001693  4500</marc:leader>
<marc:controlfield tag="001">000014716</marc:controlfield>
<marc:controlfield tag="003">Uk</marc:controlfield><marc:controlfield tag="005">20130501182900.0</marc:controlfield><marc:controlfield tag="008">870814|1878||||enk    ||     ||| |||||  </marc:controlfield><marc:datafield tag="040" ind1=" " ind2=" "><marc:subfield code="a">Uk</marc:subfield><marc:subfield code="c">Uk</marc:subfield></marc:datafield><marc:datafield tag="100" ind1="1" ind2=" "><marc:subfield code="a">ADAMS, Charles Follen.</marc:subfield></marc:datafield><marc:datafield tag="245" ind1="1" ind2="0"><marc:subfield code="a">Leedle Yawcob Strauss, and other poems.</marc:subfield></marc:datafield><marc:datafield tag="260" ind1=" " ind2=" "><marc:subfield code="a">London :</marc:subfield><marc:subfield code="b">G. Routledge &amp; Sons,</marc:subfield><marc:subfield code="c">[1878]</marc:subfield></marc:datafield><marc:datafield tag="300" ind1=" " ind2=" "><marc:subfield code="a">119 p. ;</marc:subfield><marc:subfield code="c">8º.</marc:subfield></marc:datafield><marc:datafield tag="775" ind1="0" ind2=" "><marc:subfield code="t">[Leedle Yawcob Strauss, and other poems.]</marc:subfield><marc:subfield code="d">pp. 147. Lee &amp; Shepard: Boston, 1883. 8º.</marc:subfield><marc:subfield code="w">(Uk)MP1.0000017089.1</marc:subfield></marc:datafield><marc:datafield tag="775" ind1="0" ind2=" "><marc:subfield code="t">[Leedle Yawcob Strauss, and other poems.]</marc:subfield><marc:subfield code="d">pp. 311. Lothrop, Lee &amp; Shepard Co.: Boston, 1910. 8º.</marc:subfield><marc:subfield code="w">(Uk)MP1.0000017089.2</marc:subfield></marc:datafield><marc:datafield tag="852" ind1="4" ind2="1"><marc:subfield code="a">British Library</marc:subfield><marc:subfield code="b">HMNTS</marc:subfield><marc:subfield code="j">11688.b.18.</marc:subfield></marc:datafield></marc:record>