
<marc:record><marc:leader>00507cam a22001453  4500</marc:leader>
<marc:controlfield tag="001">000014726</marc:controlfield>
<marc:controlfield tag="003">Uk</marc:controlfield><marc:controlfield tag="005">20130523175500.0</marc:controlfield><marc:controlfield tag="008">870814|1856||||xxu    ||     ||| |||||  </marc:controlfield><marc:datafield tag="040" ind1=" " ind2=" "><marc:subfield code="a">Uk</marc:subfield><marc:subfield code="c">Uk</marc:subfield></marc:datafield><marc:datafield tag="100" ind1="1" ind2=" "><marc:subfield code="a">ADAMS, Charles Francis,</marc:subfield><marc:subfield code="c">U.S. Minister at the Court of St. James's.</marc:subfield></marc:datafield><marc:datafield tag="245" ind1="1" ind2="3"><marc:subfield code="a">An Address delivered before the Members of the Schools, and the Citizens of Quincy, July 4, 1856.</marc:subfield></marc:datafield><marc:datafield tag="260" ind1=" " ind2=" "><marc:subfield code="a">Boston :</marc:subfield><marc:subfield code="b">Little, Brown &amp; Co.,</marc:subfield><marc:subfield code="c">1856.</marc:subfield></marc:datafield><marc:datafield tag="300" ind1=" " ind2=" "><marc:subfield code="a">36 p. ;</marc:subfield><marc:subfield code="c">8º.</marc:subfield></marc:datafield><marc:datafield tag="852" ind1="4" ind2="1"><marc:subfield code="a">British Library</marc:subfield><marc:subfield code="b">HMNTS</marc:subfield><marc:subfield code="j">8305.ee.34.(14.)</marc:subfield></marc:datafield></marc:record>