
<marc:record><marc:leader>00922cam a22002053  4500</marc:leader>
<marc:controlfield tag="001">000014765</marc:controlfield>
<marc:controlfield tag="003">Uk</marc:controlfield><marc:controlfield tag="005">20111222151700.0</marc:controlfield><marc:controlfield tag="008">870814|1880|||||||    ||     ||| |||||  </marc:controlfield><marc:datafield tag="040" ind1=" " ind2=" "><marc:subfield code="a">Uk</marc:subfield><marc:subfield code="c">Uk</marc:subfield></marc:datafield><marc:datafield tag="100" ind1="1" ind2=" "><marc:subfield code="a">ADAMS, Charles Francis,</marc:subfield><marc:subfield code="c">the Younger.</marc:subfield></marc:datafield><marc:datafield tag="245" ind1="1" ind2="0"><marc:subfield code="a">Taxation of Railroads and Railroad Securities. By C. F. Adams ... W. B. Williams and J. H. Oberly, a committee appointed at a convention of State Railroad Commissioners to examine into ... the methods of taxation as respects railroads ... now in use, etc.</marc:subfield></marc:datafield><marc:datafield tag="260" ind1=" " ind2=" "><marc:subfield code="a">New York :</marc:subfield><marc:subfield code="b">Railroad Gazette,</marc:subfield><marc:subfield code="c">1880.</marc:subfield></marc:datafield><marc:datafield tag="300" ind1=" " ind2=" "><marc:subfield code="a">49 p. ;</marc:subfield><marc:subfield code="c">8º.</marc:subfield></marc:datafield><marc:datafield tag="500" ind1=" " ind2=" "><marc:subfield code="a">Pp. 33, 34 are mutilated.</marc:subfield></marc:datafield><marc:datafield tag="700" ind1="1" ind2=" "><marc:subfield code="a">OBERLY, J. H.</marc:subfield></marc:datafield><marc:datafield tag="700" ind1="1" ind2=" "><marc:subfield code="a">WILLIAMS, W. B.,</marc:subfield><marc:subfield code="c">of Michigan.</marc:subfield></marc:datafield><marc:datafield tag="852" ind1="4" ind2="1"><marc:subfield code="a">British Library</marc:subfield><marc:subfield code="b">HMNTS</marc:subfield><marc:subfield code="j">8235.ee.13.(13.)</marc:subfield></marc:datafield><marc:datafield tag="886" ind1="2" ind2=" "><marc:subfield code="2">blmarc</marc:subfield><marc:subfield code="a">709</marc:subfield><marc:subfield code="b">00</marc:subfield><marc:subfield code="a">OBERLY</marc:subfield><marc:subfield code="h">J. H.</marc:subfield><marc:subfield code="p">8235.ee.13.(13.)</marc:subfield><marc:subfield code="x">2394730196</marc:subfield></marc:datafield><marc:datafield tag="886" ind1="2" ind2=" "><marc:subfield code="2">blmarc</marc:subfield><marc:subfield code="a">709</marc:subfield><marc:subfield code="b">00</marc:subfield><marc:subfield code="a">WILLIAMS</marc:subfield><marc:subfield code="h">W. B.</marc:subfield><marc:subfield code="f">of Michigan</marc:subfield><marc:subfield code="p">8235.ee.13.(13.)</marc:subfield><marc:subfield code="x">3521810305</marc:subfield></marc:datafield></marc:record>