
<marc:record><marc:leader>00900cam a22001573  4500</marc:leader>
<marc:controlfield tag="001">000014778</marc:controlfield>
<marc:controlfield tag="003">Uk</marc:controlfield><marc:controlfield tag="005">20130503191800.0</marc:controlfield><marc:controlfield tag="008">870814|1882||||xxu    ||     ||| |||||  </marc:controlfield><marc:datafield tag="040" ind1=" " ind2=" "><marc:subfield code="a">Uk</marc:subfield><marc:subfield code="c">Uk</marc:subfield></marc:datafield><marc:datafield tag="100" ind1="1" ind2=" "><marc:subfield code="a">ADAMS, Charles Kendall.</marc:subfield></marc:datafield><marc:datafield tag="245" ind1="1" ind2="2"><marc:subfield code="a">A Manual of Historical Literature, comprising brief descriptions of the most important histories in English, French, and German; together with practical suggestions as to methods and courses of historical study, etc.</marc:subfield></marc:datafield><marc:datafield tag="260" ind1=" " ind2=" "><marc:subfield code="a">New York :</marc:subfield><marc:subfield code="b">Harper &amp; Bros.,</marc:subfield><marc:subfield code="c">1882.</marc:subfield></marc:datafield><marc:datafield tag="300" ind1=" " ind2=" "><marc:subfield code="a">xxxviii, 665 p. ;</marc:subfield><marc:subfield code="c">8º.</marc:subfield></marc:datafield><marc:datafield tag="775" ind1="0" ind2=" "><marc:subfield code="t">[A Manual of Historical Literature, comprising brief descriptions of the most important histories in English, French, and German; together with practical suggestions as to methods and courses of historical study, etc.]</marc:subfield><marc:subfield code="d">pp. xxxviii. 720. Harper &amp; Bros.: New York, [1888.] 8º.</marc:subfield><marc:subfield code="w">(Uk)MP1.0000017147.1</marc:subfield></marc:datafield><marc:datafield tag="852" ind1="4" ind2="1"><marc:subfield code="a">British Library</marc:subfield><marc:subfield code="b">HMNTS</marc:subfield><marc:subfield code="j">011902.m.18.</marc:subfield></marc:datafield></marc:record>