
<marc:record><marc:leader>00743cam a22001693  4500</marc:leader>
<marc:controlfield tag="001">000014797</marc:controlfield>
<marc:controlfield tag="003">Uk</marc:controlfield><marc:controlfield tag="005">20110119132500.0</marc:controlfield><marc:controlfield tag="008">970806|1852|||||||    ||     ||| |||||  </marc:controlfield><marc:datafield tag="040" ind1=" " ind2=" "><marc:subfield code="a">Uk</marc:subfield><marc:subfield code="c">Uk</marc:subfield></marc:datafield><marc:datafield tag="100" ind1="1" ind2=" "><marc:subfield code="a">ADAMS, Charlotte,</marc:subfield><marc:subfield code="c">Writer of Tales.</marc:subfield></marc:datafield><marc:datafield tag="245" ind1="1" ind2="0"><marc:subfield code="a">Edgar Clifton, or, Right and Wrong. A story of school life.</marc:subfield></marc:datafield><marc:datafield tag="260" ind1=" " ind2=" "><marc:subfield code="a">Bath :</marc:subfield><marc:subfield code="b">Binns &amp; Goodwin,</marc:subfield><marc:subfield code="c">[1852.].</marc:subfield></marc:datafield><marc:datafield tag="300" ind1=" " ind2=" "><marc:subfield code="a">415 p. ;</marc:subfield><marc:subfield code="c">12º.</marc:subfield></marc:datafield><marc:datafield tag="775" ind1="0" ind2=" "><marc:subfield code="t">[Edgar Clifton, or, Right and Wrong. A story of school life.]</marc:subfield><marc:subfield code="d">pp. 365. D. Appleton &amp; Co.: New York, 1853. 8º.</marc:subfield><marc:subfield code="w">(Uk)MP1.0000017165.1</marc:subfield></marc:datafield><marc:datafield tag="775" ind1="0" ind2=" "><marc:subfield code="t">[Edgar Clifton, or, Right and Wrong. A story of school life.]</marc:subfield><marc:subfield code="d">London: G. Routledge &amp; Co., etc., 1856. pp. 400: plates. 8º.</marc:subfield><marc:subfield code="w">(Uk)MP1.0000017165.2</marc:subfield></marc:datafield><marc:datafield tag="852" ind1="4" ind2="1"><marc:subfield code="a">British Library</marc:subfield><marc:subfield code="b">HMNTS</marc:subfield><marc:subfield code="j">12622.c.3.</marc:subfield></marc:datafield></marc:record>