
<marc:record><marc:leader>00561cam a22001573  4500</marc:leader>
<marc:controlfield tag="001">000014802</marc:controlfield>
<marc:controlfield tag="003">Uk</marc:controlfield><marc:controlfield tag="005">20110119132500.0</marc:controlfield><marc:controlfield tag="008">870814|1867|||||||    ||     ||| |||||  </marc:controlfield><marc:datafield tag="040" ind1=" " ind2=" "><marc:subfield code="a">Uk</marc:subfield><marc:subfield code="c">Uk</marc:subfield></marc:datafield><marc:datafield tag="100" ind1="1" ind2=" "><marc:subfield code="a">ADAMS, Charlotte,</marc:subfield><marc:subfield code="c">Writer of Tales.</marc:subfield></marc:datafield><marc:datafield tag="245" ind1="1" ind2="0"><marc:subfield code="a">John Hartley, and how he got on in life, etc.</marc:subfield></marc:datafield><marc:datafield tag="260" ind1=" " ind2=" "><marc:subfield code="a">pp. 251. G. Routledge &amp; Sons: London, 1867 [1866].</marc:subfield></marc:datafield><marc:datafield tag="300" ind1=" " ind2=" "><marc:subfield code="a">8º.</marc:subfield></marc:datafield><marc:datafield tag="775" ind1="0" ind2=" "><marc:subfield code="t">[John Hartley, and how he got on in life, etc.]</marc:subfield><marc:subfield code="d">pp. 251. G. Routledge &amp; Sons: London, [1878.] 8º.</marc:subfield><marc:subfield code="w">(Uk)MP1.0000017168.1</marc:subfield></marc:datafield><marc:datafield tag="852" ind1="4" ind2="1"><marc:subfield code="a">British Library</marc:subfield><marc:subfield code="b">HMNTS</marc:subfield><marc:subfield code="j">12805.ccc.1.</marc:subfield></marc:datafield></marc:record>