
<marc:record><marc:leader>00966cam a22002053  4500</marc:leader>
<marc:controlfield tag="001">000014827</marc:controlfield>
<marc:controlfield tag="003">Uk</marc:controlfield><marc:controlfield tag="005">20100526132803.0</marc:controlfield><marc:controlfield tag="008">030812s1886    stk    ||     000 ||eng  </marc:controlfield><marc:datafield tag="040" ind1=" " ind2=" "><marc:subfield code="a">Uk</marc:subfield><marc:subfield code="c">Uk</marc:subfield></marc:datafield><marc:datafield tag="100" ind1="1" ind2=" "><marc:subfield code="a">ADAMS, Clement.</marc:subfield></marc:datafield><marc:datafield tag="245" ind1="1" ind2="0"><marc:subfield code="a">Chancellor's Voyage to Muscovy; being C. Adam's Anglorum Navigatio ad Muscovitas, taken from Respublica Muscoviæ, 1630. To which is added a very rare and scarce tract, De Moneta Russica, Elzevier, 1630. (By J. Hasse.) With English translations by J. McCrindle, and edited, with notes, by Edmund Goldsmid.</marc:subfield></marc:datafield><marc:datafield tag="260" ind1=" " ind2=" "><marc:subfield code="a">Edinburgh :</marc:subfield><marc:subfield code="b">privately printed,</marc:subfield><marc:subfield code="c">1886.</marc:subfield></marc:datafield><marc:datafield tag="300" ind1=" " ind2=" "><marc:subfield code="a">78, 7, ii p. ;</marc:subfield><marc:subfield code="c">8º.</marc:subfield></marc:datafield><marc:datafield tag="490" ind1="0" ind2=" "><marc:subfield code="a">[Bibliotheca curiosa.]</marc:subfield></marc:datafield><marc:datafield tag="700" ind1="1" ind2=" "><marc:subfield code="a">Chancellor, Richard,</marc:subfield><marc:subfield code="d">-1556.</marc:subfield></marc:datafield><marc:datafield tag="700" ind1="1" ind2=" "><marc:subfield code="a">Goldsmid, Edmund.</marc:subfield><marc:subfield code="t">Bibliotheca curiosa.</marc:subfield></marc:datafield><marc:datafield tag="700" ind1="1" ind2=" "><marc:subfield code="a">Hasse, John.</marc:subfield></marc:datafield><marc:datafield tag="700" ind1="1" ind2=" "><marc:subfield code="a">MACCRINDLE, J..</marc:subfield><marc:subfield code="t">The Coins, &amp;c., of Russia; being an English translation of [J. Hasse's] De Moneta Russica, etc.</marc:subfield></marc:datafield><marc:datafield tag="852" ind1="4" ind2="1"><marc:subfield code="a">British Library</marc:subfield><marc:subfield code="b">HMNTS</marc:subfield><marc:subfield code="j">012202.de.27.</marc:subfield></marc:datafield></marc:record>