
<marc:record><marc:leader>00588cam a22001573  4500</marc:leader>
<marc:controlfield tag="001">000014875</marc:controlfield>
<marc:controlfield tag="003">Uk</marc:controlfield><marc:controlfield tag="005">20111222151700.0</marc:controlfield><marc:controlfield tag="008">870814|1881|||||||    ||     ||| ||eng  </marc:controlfield><marc:datafield tag="040" ind1=" " ind2=" "><marc:subfield code="a">Uk</marc:subfield><marc:subfield code="c">Uk</marc:subfield></marc:datafield><marc:datafield tag="100" ind1="1" ind2=" "><marc:subfield code="a">ADAMS, Coker.</marc:subfield></marc:datafield><marc:datafield tag="245" ind1="1" ind2="4"><marc:subfield code="a">The Church and the Law. Two letters to the Bishop of Manchester.</marc:subfield></marc:datafield><marc:datafield tag="260" ind1=" " ind2=" "><marc:subfield code="a">Rugby :</marc:subfield><marc:subfield code="b">Tait &amp; Hopewell,</marc:subfield><marc:subfield code="c">1881.</marc:subfield></marc:datafield><marc:datafield tag="300" ind1=" " ind2=" "><marc:subfield code="a">29 p. ;</marc:subfield><marc:subfield code="c">8º.</marc:subfield></marc:datafield><marc:datafield tag="775" ind1="0" ind2=" "><marc:subfield code="t">[The Church and the Law. Two letters to the Bishop of Manchester.]</marc:subfield><marc:subfield code="d">pp. 29. J. Parker &amp; Co.: London; Tait &amp; Hopewell: Rugby, 1881. 8º.</marc:subfield><marc:subfield code="w">(Uk)MP1.0000017240.1</marc:subfield></marc:datafield><marc:datafield tag="852" ind1="4" ind2="1"><marc:subfield code="a">British Library</marc:subfield><marc:subfield code="b">HMNTS</marc:subfield><marc:subfield code="j">4106.bb.56.(8.)</marc:subfield></marc:datafield></marc:record>