
<marc:record><marc:leader>00772cam a22001933  4500</marc:leader>
<marc:controlfield tag="001">000014876</marc:controlfield>
<marc:controlfield tag="003">Uk</marc:controlfield><marc:controlfield tag="005">20130723172100.0</marc:controlfield><marc:controlfield tag="008">870814|1881|||||||    ||     ||| |||||  </marc:controlfield><marc:datafield tag="040" ind1=" " ind2=" "><marc:subfield code="a">Uk</marc:subfield><marc:subfield code="c">Uk</marc:subfield></marc:datafield><marc:datafield tag="100" ind1="1" ind2=" "><marc:subfield code="a">ADAMS, Coker.</marc:subfield></marc:datafield><marc:datafield tag="245" ind1="1" ind2="5"><marc:subfield code="a">[The Church and the Law. Two letters to the Bishop of Manchester.]</marc:subfield></marc:datafield><marc:datafield tag="250" ind1=" " ind2=" "><marc:subfield code="a">Second edition.</marc:subfield></marc:datafield><marc:datafield tag="260" ind1=" " ind2=" "><marc:subfield code="a">London :</marc:subfield><marc:subfield code="b">J. Parker &amp; Co. ;</marc:subfield><marc:subfield code="a">Rugby :</marc:subfield><marc:subfield code="b">Tait &amp; Hopewell,</marc:subfield><marc:subfield code="c">1881.</marc:subfield></marc:datafield><marc:datafield tag="300" ind1=" " ind2=" "><marc:subfield code="a">29 p. ;</marc:subfield><marc:subfield code="c">8º.</marc:subfield></marc:datafield><marc:datafield tag="700" ind1="1" ind2=" "><marc:subfield code="a">FRASER, James,</marc:subfield><marc:subfield code="c">Bishop of Manchester.</marc:subfield></marc:datafield><marc:datafield tag="787" ind1="0" ind2=" "><marc:subfield code="t">The Church and the Law. Two letters to the Bishop of Manchester.</marc:subfield><marc:subfield code="d">pp. 29. Tait &amp; Hopewell: Rugby, 1881. 8º.</marc:subfield><marc:subfield code="w">(Uk)MP1.0000017240</marc:subfield></marc:datafield><marc:datafield tag="852" ind1="4" ind2="1"><marc:subfield code="a">British Library</marc:subfield><marc:subfield code="b">HMNTS</marc:subfield><marc:subfield code="j">4109.h.18.(3.)</marc:subfield></marc:datafield><marc:datafield tag="886" ind1="2" ind2=" "><marc:subfield code="2">blmarc</marc:subfield><marc:subfield code="a">709</marc:subfield><marc:subfield code="b">00</marc:subfield><marc:subfield code="a">FRASER</marc:subfield><marc:subfield code="h">James</marc:subfield><marc:subfield code="f">Bishop of Manchester</marc:subfield><marc:subfield code="p">4109.h.18.(3.)</marc:subfield><marc:subfield code="x">1151950173</marc:subfield></marc:datafield></marc:record>