
<marc:record><marc:leader>00727cam a22001693  4500</marc:leader>
<marc:controlfield tag="001">000014883</marc:controlfield>
<marc:controlfield tag="003">Uk</marc:controlfield><marc:controlfield tag="005">20120811204700.0</marc:controlfield><marc:controlfield tag="008">870814|1882|||||||    ||     ||| |||||  </marc:controlfield><marc:datafield tag="040" ind1=" " ind2=" "><marc:subfield code="a">Uk</marc:subfield><marc:subfield code="c">Uk</marc:subfield></marc:datafield><marc:datafield tag="100" ind1="1" ind2=" "><marc:subfield code="a">ADAMS, Coker.</marc:subfield></marc:datafield><marc:datafield tag="245" ind1="1" ind2="0"><marc:subfield code="a">Protect the Queen. A sermon [on the occasion of the attempted assassination of Queen Victoria by R. Maclean], etc.</marc:subfield></marc:datafield><marc:datafield tag="260" ind1=" " ind2=" "><marc:subfield code="a">London :</marc:subfield><marc:subfield code="b">J. Parker &amp; Co.,</marc:subfield><marc:subfield code="c">[1882]</marc:subfield></marc:datafield><marc:datafield tag="300" ind1=" " ind2=" "><marc:subfield code="a">16 p. ;</marc:subfield><marc:subfield code="c">8º.</marc:subfield></marc:datafield><marc:datafield tag="700" ind1="0" ind2=" "><marc:subfield code="a">Victoria,</marc:subfield><marc:subfield code="c">Queen of Great Britain,</marc:subfield><marc:subfield code="d">1819-1901.</marc:subfield><marc:subfield code="t">Appendix. Biography. II. Single Events. 1882.</marc:subfield></marc:datafield><marc:datafield tag="852" ind1="4" ind2="1"><marc:subfield code="a">British Library</marc:subfield><marc:subfield code="b">HMNTS</marc:subfield><marc:subfield code="j">4473.g.14.(4.)</marc:subfield></marc:datafield><marc:datafield tag="886" ind1="2" ind2=" "><marc:subfield code="2">blmarc</marc:subfield><marc:subfield code="a">709</marc:subfield><marc:subfield code="b">00</marc:subfield><marc:subfield code="a">VICTORIA, Queen of Great Britain and Ireland</marc:subfield><marc:subfield code="t">Appendix</marc:subfield><marc:subfield code="t">Biography</marc:subfield><marc:subfield code="t">II. Single Events</marc:subfield><marc:subfield code="t">1882</marc:subfield><marc:subfield code="p">4473.g.14.(4.)</marc:subfield><marc:subfield code="x">3393280236</marc:subfield></marc:datafield></marc:record>