
<marc:record><marc:leader>00981cam a22001693  4500</marc:leader>
<marc:controlfield tag="001">000014900</marc:controlfield>
<marc:controlfield tag="003">Uk</marc:controlfield><marc:controlfield tag="005">20101229154603.0</marc:controlfield><marc:controlfield tag="008">870814|1827|||||||    ||     ||| |||||  </marc:controlfield><marc:datafield tag="040" ind1=" " ind2=" "><marc:subfield code="a">Uk</marc:subfield><marc:subfield code="c">Uk</marc:subfield></marc:datafield><marc:datafield tag="100" ind1="1" ind2=" "><marc:subfield code="a">Adams, Daniel,</marc:subfield><marc:subfield code="d">1773-1864.</marc:subfield></marc:datafield><marc:datafield tag="245" ind1="1" ind2="0"><marc:subfield code="a">Arithmetic, in which the principles of operating by numbers are analytically explained and synthetically applied, etc. (Adams's New Arithmetic.).</marc:subfield></marc:datafield><marc:datafield tag="260" ind1=" " ind2=" "><marc:subfield code="a">Keene :</marc:subfield><marc:subfield code="b">J. &amp; J. W. Prentiss,</marc:subfield><marc:subfield code="c">[1827]</marc:subfield></marc:datafield><marc:datafield tag="300" ind1=" " ind2=" "><marc:subfield code="a">261 p. ;</marc:subfield><marc:subfield code="c">12º.</marc:subfield></marc:datafield><marc:datafield tag="775" ind1="0" ind2=" "><marc:subfield code="t">[Arithmetic, in which the principles of operating by numbers are analytically explained and synthetically applied, etc. (Adams's New Arithmetic.)]</marc:subfield><marc:subfield code="w">(Uk)MP1.0000017263.1</marc:subfield><marc:subfield code="d">pp. 262. J. &amp; J. W. Prentiss: Keene, 1842. 12º.</marc:subfield></marc:datafield><marc:datafield tag="775" ind1="0" ind2=" "><marc:subfield code="t">[Arithmetic, in which the principles of operating by numbers are analytically explained and synthetically applied, etc. (Adams's New Arithmetic.)]</marc:subfield><marc:subfield code="w">(Uk)MP1.0000017263.2</marc:subfield><marc:subfield code="d">pp. 280. Collins &amp; Brother: New York, 1861. 12º.</marc:subfield></marc:datafield><marc:datafield tag="852" ind1="4" ind2="1"><marc:subfield code="a">British Library</marc:subfield><marc:subfield code="b">HMNTS</marc:subfield><marc:subfield code="j">8504.c.10.</marc:subfield></marc:datafield></marc:record>