
<marc:record><marc:leader>00974cam a22001693  4500</marc:leader>
<marc:controlfield tag="001">000014902</marc:controlfield>
<marc:controlfield tag="003">Uk</marc:controlfield><marc:controlfield tag="005">20101229154804.0</marc:controlfield><marc:controlfield tag="008">870814|1861||||xxu    ||     ||| |||||  </marc:controlfield><marc:datafield tag="040" ind1=" " ind2=" "><marc:subfield code="a">Uk</marc:subfield><marc:subfield code="c">Uk</marc:subfield></marc:datafield><marc:datafield tag="100" ind1="1" ind2=" "><marc:subfield code="a">Adams, Daniel,</marc:subfield><marc:subfield code="d">1773-1864.</marc:subfield></marc:datafield><marc:datafield tag="245" ind1="1" ind2="0"><marc:subfield code="a">[Arithmetic, in which the principles of operating by numbers are analytically explained and synthetically applied, etc. (Adams's New Arithmetic.)]</marc:subfield></marc:datafield><marc:datafield tag="250" ind1=" " ind2=" "><marc:subfield code="a">[Another edition.] Arithmetic, in which are combined the analytic and synthetic methods of teaching. Re-written in a style much condensed, with the addition of new ... matter, etc. (Adams's Improved Arithmetic.).</marc:subfield></marc:datafield><marc:datafield tag="260" ind1=" " ind2=" "><marc:subfield code="a">New York :</marc:subfield><marc:subfield code="b">Collins &amp; Brother,</marc:subfield><marc:subfield code="c">1861.</marc:subfield></marc:datafield><marc:datafield tag="300" ind1=" " ind2=" "><marc:subfield code="a">280 p. ;</marc:subfield><marc:subfield code="c">12º.</marc:subfield></marc:datafield><marc:datafield tag="787" ind1="0" ind2=" "><marc:subfield code="t">Arithmetic, in which the principles of operating by numbers are analytically explained and synthetically applied, etc. (Adams's New Arithmetic.)</marc:subfield><marc:subfield code="w">(Uk)MP1.0000017263</marc:subfield><marc:subfield code="d">pp. 261. J. &amp; J. W. Prentiss: Keene, [1827.] 12º.</marc:subfield></marc:datafield><marc:datafield tag="852" ind1="4" ind2="1"><marc:subfield code="a">British Library</marc:subfield><marc:subfield code="b">HMNTS</marc:subfield><marc:subfield code="j">8504.bb.24.</marc:subfield></marc:datafield></marc:record>