
<marc:record><marc:leader>00696cam a22001693  4500</marc:leader>
<marc:controlfield tag="001">000014908</marc:controlfield>
<marc:controlfield tag="003">Uk</marc:controlfield><marc:controlfield tag="005">20101229154545.0</marc:controlfield><marc:controlfield tag="008">870814|1826|||||||    ||     ||| |||||  </marc:controlfield><marc:datafield tag="040" ind1=" " ind2=" "><marc:subfield code="a">Uk</marc:subfield><marc:subfield code="c">Uk</marc:subfield></marc:datafield><marc:datafield tag="100" ind1="1" ind2=" "><marc:subfield code="a">Adams, Daniel,</marc:subfield><marc:subfield code="d">1773-1864.</marc:subfield></marc:datafield><marc:datafield tag="245" ind1="1" ind2="5"><marc:subfield code="a">[The Scholar's Arithmetic; or, Federal Accountant ... Stereotype edition, revised and corrected, with additions.]</marc:subfield></marc:datafield><marc:datafield tag="250" ind1=" " ind2=" "><marc:subfield code="a">[Another edition.]</marc:subfield></marc:datafield><marc:datafield tag="260" ind1=" " ind2=" "><marc:subfield code="a">Keene :</marc:subfield><marc:subfield code="b">John Prentiss,</marc:subfield><marc:subfield code="c">1826.</marc:subfield></marc:datafield><marc:datafield tag="300" ind1=" " ind2=" "><marc:subfield code="a">224 p. ;</marc:subfield><marc:subfield code="c">8º.</marc:subfield></marc:datafield><marc:datafield tag="787" ind1="0" ind2=" "><marc:subfield code="t">The Scholar's Arithmetic; or, Federal Accountant ... Stereotype edition, revised and corrected, with additions.</marc:subfield><marc:subfield code="w">(Uk)MP1.0000017268</marc:subfield><marc:subfield code="d">pp. 218. John Prentiss: Keene, 1817. 8º.</marc:subfield></marc:datafield><marc:datafield tag="852" ind1="4" ind2="1"><marc:subfield code="a">British Library</marc:subfield><marc:subfield code="b">HMNTS</marc:subfield><marc:subfield code="j">8504.c.15.</marc:subfield></marc:datafield></marc:record>