
<marc:record><marc:leader>00692cam a22001573  4500</marc:leader>
<marc:controlfield tag="001">000014909</marc:controlfield>
<marc:controlfield tag="003">Uk</marc:controlfield><marc:controlfield tag="005">20101229153745.0</marc:controlfield><marc:controlfield tag="008">870814|1803|||||||    ||     ||| ||eng  </marc:controlfield><marc:datafield tag="040" ind1=" " ind2=" "><marc:subfield code="a">Uk</marc:subfield><marc:subfield code="c">Uk</marc:subfield></marc:datafield><marc:datafield tag="100" ind1="1" ind2=" "><marc:subfield code="a">Adams, Daniel,</marc:subfield><marc:subfield code="d">1773-1864.</marc:subfield></marc:datafield><marc:datafield tag="245" ind1="1" ind2="4"><marc:subfield code="a">The Thorough Scholar; or, the nature of language, with the reasons, principles, and rules of English grammar, etc.</marc:subfield></marc:datafield><marc:datafield tag="260" ind1=" " ind2=" "><marc:subfield code="a">pp. 100. The Author: Leominster, Mass. 1803.</marc:subfield></marc:datafield><marc:datafield tag="300" ind1=" " ind2=" "><marc:subfield code="a">12º.</marc:subfield></marc:datafield><marc:datafield tag="775" ind1="0" ind2=" "><marc:subfield code="t">[The Thorough Scholar; or, the nature of language, with the reasons, principles, and rules of English grammar, etc.]</marc:subfield><marc:subfield code="w">(Uk)MP1.0000017269.1</marc:subfield><marc:subfield code="d">pp. 103. L. Q. C. Bowles: Montpelier, Vermont, 1814. 12º.</marc:subfield></marc:datafield><marc:datafield tag="852" ind1="4" ind2="1"><marc:subfield code="a">British Library</marc:subfield><marc:subfield code="b">HMNTS</marc:subfield><marc:subfield code="j">12982.aa.6.</marc:subfield></marc:datafield></marc:record>