
<marc:record><marc:leader>00820cam a22001693  4500</marc:leader>
<marc:controlfield tag="001">000014912</marc:controlfield>
<marc:controlfield tag="003">Uk</marc:controlfield><marc:controlfield tag="005">20101229154504.0</marc:controlfield><marc:controlfield tag="008">870814|1821|||||||    ||     ||| |||||  </marc:controlfield><marc:datafield tag="040" ind1=" " ind2=" "><marc:subfield code="a">Uk</marc:subfield><marc:subfield code="c">Uk</marc:subfield></marc:datafield><marc:datafield tag="100" ind1="1" ind2=" "><marc:subfield code="a">Adams, Daniel,</marc:subfield><marc:subfield code="d">1773-1864.</marc:subfield></marc:datafield><marc:datafield tag="245" ind1="1" ind2="5"><marc:subfield code="a">[The Understanding Reader; or Knowledge before Oratory. Being a new selection of lessons suited to the understanding and the capacities of youth ... Third edition.]</marc:subfield></marc:datafield><marc:datafield tag="250" ind1=" " ind2=" "><marc:subfield code="a">Tenth edition, improved.</marc:subfield></marc:datafield><marc:datafield tag="260" ind1=" " ind2=" "><marc:subfield code="a">pp. 228. Hori Brown: Leicester, [Mass.] 1821.</marc:subfield></marc:datafield><marc:datafield tag="300" ind1=" " ind2=" "><marc:subfield code="a">12º.</marc:subfield></marc:datafield><marc:datafield tag="787" ind1="0" ind2=" "><marc:subfield code="t">The Understanding Reader; or Knowledge before Oratory. Being a new selection of lessons suited to the understanding and the capacities of youth ... Third edition.</marc:subfield><marc:subfield code="w">(Uk)MP1.0000017270</marc:subfield><marc:subfield code="d">pp. 224. The Author: Leominster, Mass. 1805. 12º.</marc:subfield></marc:datafield><marc:datafield tag="852" ind1="4" ind2="1"><marc:subfield code="a">British Library</marc:subfield><marc:subfield code="b">HMNTS</marc:subfield><marc:subfield code="j">12295.a.26.</marc:subfield></marc:datafield></marc:record>