
<marc:record><marc:leader>00808cam a22001693  4500</marc:leader>
<marc:controlfield tag="001">000014995</marc:controlfield>
<marc:controlfield tag="003">Uk</marc:controlfield><marc:controlfield tag="005">20130708175200.0</marc:controlfield><marc:controlfield tag="008">870814|1856||||enk    ||     ||| |||||  </marc:controlfield><marc:datafield tag="040" ind1=" " ind2=" "><marc:subfield code="a">Uk</marc:subfield><marc:subfield code="c">Uk</marc:subfield></marc:datafield><marc:datafield tag="100" ind1="1" ind2=" "><marc:subfield code="a">ADAMS, Edwin,</marc:subfield><marc:subfield code="c">of the Grammar School, Chelmsford.</marc:subfield></marc:datafield><marc:datafield tag="245" ind1="1" ind2="5"><marc:subfield code="a">[The Geographical Word-Expositor; or, names and terms occurring in the science of geography etymologically and otherwise explained, etc.]</marc:subfield></marc:datafield><marc:datafield tag="250" ind1=" " ind2=" "><marc:subfield code="a">Second edition ... enlarged and greatly improved.</marc:subfield></marc:datafield><marc:datafield tag="260" ind1=" " ind2=" "><marc:subfield code="a">London :</marc:subfield><marc:subfield code="b">Longman &amp; Co.,</marc:subfield><marc:subfield code="c">1856.</marc:subfield></marc:datafield><marc:datafield tag="300" ind1=" " ind2=" "><marc:subfield code="a">vii. 158 p. ;</marc:subfield><marc:subfield code="c">12º.</marc:subfield></marc:datafield><marc:datafield tag="787" ind1="0" ind2=" "><marc:subfield code="t">The Geographical Word-Expositor; or, names and terms occurring in the science of geography etymologically and otherwise explained, etc.</marc:subfield><marc:subfield code="d">pp. 148. Longman &amp; Co.: London, 1856. 16º.</marc:subfield><marc:subfield code="w">(Uk)MP1.0000017350</marc:subfield></marc:datafield><marc:datafield tag="852" ind1="4" ind2="1"><marc:subfield code="a">British Library</marc:subfield><marc:subfield code="b">HMNTS</marc:subfield><marc:subfield code="j">10005.b.22.</marc:subfield></marc:datafield></marc:record>